<collection>
<record>
  <controlfield tag="001">6696</controlfield>
  <controlfield tag="005">20151222133646.0</controlfield>
  <datafield tag="035" ind1=" " ind2=" ">
    <subfield code="a">O-port-1900-0510-V_02</subfield>
  </datafield>
  <datafield tag="300" ind1=" " ind2=" ">
    <subfield code="b">Papirkopi</subfield>
    <subfield code="c">13</subfield>
    <subfield code="d">18</subfield>
    <subfield code="h">cm</subfield>
  </datafield>
  <datafield tag="340" ind1=" " ind2=" ">
    <subfield code="a">Papir</subfield>
    <subfield code="i">Svart-hvitt</subfield>
    <subfield code="o">Positiv</subfield>
  </datafield>
  <datafield tag="852" ind1=" " ind2=" ">
    <subfield code="b">Gruppesamling</subfield>
    <subfield code="c">Grupper- Visergutter</subfield>
  </datafield>
  <datafield tag="935" ind1=" " ind2=" ">
    <subfield code="b">O-port-1900-0510-V</subfield>
  </datafield>
  <datafield tag="980" ind1=" " ind2=" ">
    <subfield code="a">Olsen</subfield>
  </datafield>
  <datafield tag="980" ind1=" " ind2=" ">
    <subfield code="a">PHOTO</subfield>
  </datafield>
  <datafield tag="981" ind1=" " ind2=" ">
    <subfield code="a">PHOTO</subfield>
  </datafield>
</record>
<record>
  <controlfield tag="001">6696</controlfield>
  <controlfield tag="005">20151222133646.0</controlfield>
  <datafield tag="035" ind1=" " ind2=" ">
    <subfield code="a">O-port-1900-0510-V_02</subfield>
  </datafield>
  <datafield tag="300" ind1=" " ind2=" ">
    <subfield code="b">Papirkopi</subfield>
    <subfield code="c">13</subfield>
    <subfield code="d">18</subfield>
    <subfield code="h">cm</subfield>
  </datafield>
  <datafield tag="340" ind1=" " ind2=" ">
    <subfield code="a">Papir</subfield>
    <subfield code="i">Svart-hvitt</subfield>
    <subfield code="o">Positiv</subfield>
  </datafield>
  <datafield tag="852" ind1=" " ind2=" ">
    <subfield code="b">Gruppesamling</subfield>
    <subfield code="c">Grupper- Visergutter</subfield>
  </datafield>
  <datafield tag="935" ind1=" " ind2=" ">
    <subfield code="b">O-port-1900-0510-V</subfield>
  </datafield>
  <datafield tag="980" ind1=" " ind2=" ">
    <subfield code="a">Olsen</subfield>
  </datafield>
  <datafield tag="980" ind1=" " ind2=" ">
    <subfield code="a">PHOTO</subfield>
  </datafield>
  <datafield tag="981" ind1=" " ind2=" ">
    <subfield code="a">PHOTO</subfield>
  </datafield>
</record>
<record>
  <controlfield tag="001">6698</controlfield>
  <controlfield tag="005">20151222133659.0</controlfield>
  <datafield tag="035" ind1=" " ind2=" ">
    <subfield code="a">O-port-1886-0530-V_02</subfield>
  </datafield>
  <datafield tag="300" ind1=" " ind2=" ">
    <subfield code="b">Papirkopi</subfield>
    <subfield code="c">12</subfield>
    <subfield code="d">18</subfield>
    <subfield code="h">cm</subfield>
  </datafield>
  <datafield tag="340" ind1=" " ind2=" ">
    <subfield code="a">Papir</subfield>
    <subfield code="i">Svart-hvitt</subfield>
    <subfield code="o">Positiv</subfield>
  </datafield>
  <datafield tag="852" ind1=" " ind2=" ">
    <subfield code="b">Olsen bruksarkiv</subfield>
    <subfield code="c">O. personer/grupper v1886-530</subfield>
  </datafield>
  <datafield tag="935" ind1=" " ind2=" ">
    <subfield code="a">O-port-1886-0530-V-K</subfield>
    <subfield code="b">O-port-1886-0530-V</subfield>
  </datafield>
  <datafield tag="980" ind1=" " ind2=" ">
    <subfield code="a">Olsen</subfield>
  </datafield>
  <datafield tag="980" ind1=" " ind2=" ">
    <subfield code="a">PHOTO</subfield>
  </datafield>
  <datafield tag="981" ind1=" " ind2=" ">
    <subfield code="a">PHOTO</subfield>
  </datafield>
</record>
<record>
  <controlfield tag="001">6700</controlfield>
  <controlfield tag="005">20151222133711.0</controlfield>
  <datafield tag="035" ind1=" " ind2=" ">
    <subfield code="a">O-port-1902-0539-V_02</subfield>
  </datafield>
  <datafield tag="300" ind1=" " ind2=" ">
    <subfield code="b">Original (10x6cm) og ny papirkopi (12x9cm)</subfield>
    <subfield code="c">10</subfield>
    <subfield code="d">6</subfield>
    <subfield code="h">cm</subfield>
  </datafield>
  <datafield tag="340" ind1=" " ind2=" ">
    <subfield code="a">Papir</subfield>
    <subfield code="i">Svart-hvitt</subfield>
    <subfield code="o">Positiv</subfield>
  </datafield>
  <datafield tag="852" ind1=" " ind2=" ">
    <subfield code="b">Olsen bruksarkiv</subfield>
    <subfield code="c">O. personer/grupper v1902:539</subfield>
    <subfield code="t">2 eks.</subfield>
  </datafield>
  <datafield tag="935" ind1=" " ind2=" ">
    <subfield code="a">O-port-1902-0539-V-K</subfield>
    <subfield code="b">O-port-1902-0539-V</subfield>
  </datafield>
  <datafield tag="980" ind1=" " ind2=" ">
    <subfield code="a">Olsen</subfield>
  </datafield>
  <datafield tag="980" ind1=" " ind2=" ">
    <subfield code="a">PHOTO</subfield>
  </datafield>
  <datafield tag="981" ind1=" " ind2=" ">
    <subfield code="a">PHOTO</subfield>
  </datafield>
</record>
<record>
  <controlfield tag="001">6703</controlfield>
  <controlfield tag="005">20151222133714.0</controlfield>
  <datafield tag="035" ind1=" " ind2=" ">
    <subfield code="a">O-port-1896-0103-K_02</subfield>
  </datafield>
  <datafield tag="300" ind1=" " ind2=" ">
    <subfield code="b">Papirkopi</subfield>
    <subfield code="c">9</subfield>
    <subfield code="d">15</subfield>
    <subfield code="h">cm</subfield>
  </datafield>
  <datafield tag="340" ind1=" " ind2=" ">
    <subfield code="a">Papir</subfield>
    <subfield code="i">Svart-hvitt</subfield>
    <subfield code="o">Positiv</subfield>
  </datafield>
  <datafield tag="852" ind1=" " ind2=" ">
    <subfield code="b">Olsen bruksarkiv</subfield>
    <subfield code="c">Olsen portrett kab 1896-0103</subfield>
  </datafield>
  <datafield tag="935" ind1=" " ind2=" ">
    <subfield code="a">O-port-1896-0103-K-K</subfield>
    <subfield code="b">O-port-1896-0103-K</subfield>
  </datafield>
  <datafield tag="980" ind1=" " ind2=" ">
    <subfield code="a">Olsen</subfield>
  </datafield>
  <datafield tag="980" ind1=" " ind2=" ">
    <subfield code="a">PHOTO</subfield>
  </datafield>
  <datafield tag="981" ind1=" " ind2=" ">
    <subfield code="a">PHOTO</subfield>
  </datafield>
</record>
<record>
  <controlfield tag="001">6705</controlfield>
  <controlfield tag="005">20151222133741.0</controlfield>
  <datafield tag="035" ind1=" " ind2=" ">
    <subfield code="a">O-port-1896-0104-K_02</subfield>
  </datafield>
  <datafield tag="300" ind1=" " ind2=" ">
    <subfield code="b">Papirkopi</subfield>
    <subfield code="c">11</subfield>
    <subfield code="d">15</subfield>
    <subfield code="h">cm</subfield>
  </datafield>
  <datafield tag="340" ind1=" " ind2=" ">
    <subfield code="a">Papir</subfield>
    <subfield code="i">Svart-hvitt</subfield>
    <subfield code="o">Positiv</subfield>
  </datafield>
  <datafield tag="852" ind1=" " ind2=" ">
    <subfield code="b">Olsen bruksarkiv</subfield>
    <subfield code="c">Olsen portrett kab 1896-0104</subfield>
  </datafield>
  <datafield tag="935" ind1=" " ind2=" ">
    <subfield code="a">O-port-1896-0104-K-K</subfield>
    <subfield code="b">O-port-1896-0104-K</subfield>
  </datafield>
  <datafield tag="980" ind1=" " ind2=" ">
    <subfield code="a">Olsen</subfield>
  </datafield>
  <datafield tag="980" ind1=" " ind2=" ">
    <subfield code="a">PHOTO</subfield>
  </datafield>
  <datafield tag="981" ind1=" " ind2=" ">
    <subfield code="a">PHOTO</subfield>
  </datafield>
</record>
<record>
  <controlfield tag="001">6708</controlfield>
  <controlfield tag="005">20151222133805.0</controlfield>
  <datafield tag="035" ind1=" " ind2=" ">
    <subfield code="a">O-port-1896-0105-K_02</subfield>
  </datafield>
  <datafield tag="300" ind1=" " ind2=" ">
    <subfield code="b">Papirkopi</subfield>
    <subfield code="c">11</subfield>
    <subfield code="d">15</subfield>
    <subfield code="h">cm</subfield>
  </datafield>
  <datafield tag="340" ind1=" " ind2=" ">
    <subfield code="a">Papir</subfield>
    <subfield code="i">Svart-hvitt</subfield>
    <subfield code="o">Positiv</subfield>
  </datafield>
  <datafield tag="852" ind1=" " ind2=" ">
    <subfield code="b">Olsen bruksarkiv</subfield>
    <subfield code="c">Olsen portrett kab 1896-0105</subfield>
  </datafield>
  <datafield tag="935" ind1=" " ind2=" ">
    <subfield code="a">O-port-1896-0105-K-K</subfield>
    <subfield code="b">O-port-1896-0105-K</subfield>
  </datafield>
  <datafield tag="980" ind1=" " ind2=" ">
    <subfield code="a">Olsen</subfield>
  </datafield>
  <datafield tag="980" ind1=" " ind2=" ">
    <subfield code="a">PHOTO</subfield>
  </datafield>
  <datafield tag="981" ind1=" " ind2=" ">
    <subfield code="a">PHOTO</subfield>
  </datafield>
</record>
<record>
  <controlfield tag="001">6710</controlfield>
  <controlfield tag="005">20151222133808.0</controlfield>
  <datafield tag="035" ind1=" " ind2=" ">
    <subfield code="a">O-port-1896-0107-K_02</subfield>
  </datafield>
  <datafield tag="300" ind1=" " ind2=" ">
    <subfield code="b">Papirkopi</subfield>
    <subfield code="c">11</subfield>
    <subfield code="d">15</subfield>
    <subfield code="h">cm</subfield>
  </datafield>
  <datafield tag="340" ind1=" " ind2=" ">
    <subfield code="a">Papir</subfield>
    <subfield code="i">Svart-hvitt</subfield>
    <subfield code="o">Positiv</subfield>
  </datafield>
  <datafield tag="852" ind1=" " ind2=" ">
    <subfield code="b">Olsen bruksarkiv</subfield>
    <subfield code="c">Olsen portrett kab 1896-0107</subfield>
  </datafield>
  <datafield tag="935" ind1=" " ind2=" ">
    <subfield code="a">O-port-1896-0107-K-K</subfield>
    <subfield code="b">O-port-1896-0107-K</subfield>
  </datafield>
  <datafield tag="980" ind1=" " ind2=" ">
    <subfield code="a">Olsen</subfield>
  </datafield>
  <datafield tag="980" ind1=" " ind2=" ">
    <subfield code="a">PHOTO</subfield>
  </datafield>
  <datafield tag="981" ind1=" " ind2=" ">
    <subfield code="a">PHOTO</subfield>
  </datafield>
</record>
<record>
  <controlfield tag="001">6712</controlfield>
  <controlfield tag="005">20151222133820.0</controlfield>
  <datafield tag="035" ind1=" " ind2=" ">
    <subfield code="a">O-port-1899-0322-V_02</subfield>
  </datafield>
  <datafield tag="300" ind1=" " ind2=" ">
    <subfield code="b">Papirkopi</subfield>
    <subfield code="c">9</subfield>
    <subfield code="d">13</subfield>
    <subfield code="h">cm</subfield>
  </datafield>
  <datafield tag="340" ind1=" " ind2=" ">
    <subfield code="a">Papir</subfield>
    <subfield code="i">Svart-hvitt</subfield>
    <subfield code="o">Positiv</subfield>
  </datafield>
  <datafield tag="852" ind1=" " ind2=" ">
    <subfield code="b">Olsen bruksarkiv</subfield>
    <subfield code="c">Olsen portrett visit 1899-0322</subfield>
  </datafield>
  <datafield tag="935" ind1=" " ind2=" ">
    <subfield code="a">O-port-1899-0322-V-K</subfield>
    <subfield code="b">O-port-1899-0322-V</subfield>
  </datafield>
  <datafield tag="980" ind1=" " ind2=" ">
    <subfield code="a">Olsen</subfield>
  </datafield>
  <datafield tag="980" ind1=" " ind2=" ">
    <subfield code="a">PHOTO</subfield>
  </datafield>
  <datafield tag="981" ind1=" " ind2=" ">
    <subfield code="a">PHOTO</subfield>
  </datafield>
</record>
<record>
  <controlfield tag="001">6714</controlfield>
  <controlfield tag="005">20151222133822.0</controlfield>
  <datafield tag="035" ind1=" " ind2=" ">
    <subfield code="a">O-port-1900-0334-K_02</subfield>
  </datafield>
  <datafield tag="300" ind1=" " ind2=" ">
    <subfield code="b">Papirkopi</subfield>
    <subfield code="c">17</subfield>
    <subfield code="d">12</subfield>
    <subfield code="h">cm</subfield>
  </datafield>
  <datafield tag="340" ind1=" " ind2=" ">
    <subfield code="a">Papir</subfield>
    <subfield code="i">Svart-hvitt</subfield>
    <subfield code="o">Positiv</subfield>
  </datafield>
  <datafield tag="651" ind1=" " ind2=" ">
    <subfield code="a">Fjeldseter sanatorium</subfield>
  </datafield>
  <datafield tag="852" ind1=" " ind2=" ">
    <subfield code="b">Olsen bruksarkiv</subfield>
    <subfield code="c">Olsen portrett kab 1900-0334</subfield>
  </datafield>
  <datafield tag="935" ind1=" " ind2=" ">
    <subfield code="a">O-port-1900-0334-K-K</subfield>
    <subfield code="b">O-port-1900-0334-K</subfield>
  </datafield>
  <datafield tag="980" ind1=" " ind2=" ">
    <subfield code="a">Olsen</subfield>
  </datafield>
  <datafield tag="980" ind1=" " ind2=" ">
    <subfield code="a">PHOTO</subfield>
  </datafield>
  <datafield tag="981" ind1=" " ind2=" ">
    <subfield code="a">PHOTO</subfield>
  </datafield>
</record>
<record>
  <controlfield tag="001">6716</controlfield>
  <controlfield tag="005">20151222133828.0</controlfield>
  <datafield tag="035" ind1=" " ind2=" ">
    <subfield code="a">O-port-1901-0018-K_02</subfield>
  </datafield>
  <datafield tag="300" ind1=" " ind2=" ">
    <subfield code="b">Papirkopi</subfield>
    <subfield code="c">12</subfield>
    <subfield code="d">17</subfield>
    <subfield code="h">cm</subfield>
  </datafield>
  <datafield tag="340" ind1=" " ind2=" ">
    <subfield code="a">Papir</subfield>
    <subfield code="i">Svart-hvitt</subfield>
    <subfield code="o">Positiv</subfield>
  </datafield>
  <datafield tag="852" ind1=" " ind2=" ">
    <subfield code="b">Olsen bruksarkiv</subfield>
    <subfield code="c">Olsen portrett kab 1901-0018</subfield>
  </datafield>
  <datafield tag="935" ind1=" " ind2=" ">
    <subfield code="a">O-port-1901-0018-K-K</subfield>
    <subfield code="b">O-port-1901-0018-K</subfield>
  </datafield>
  <datafield tag="980" ind1=" " ind2=" ">
    <subfield code="a">Olsen</subfield>
  </datafield>
  <datafield tag="980" ind1=" " ind2=" ">
    <subfield code="a">PHOTO</subfield>
  </datafield>
  <datafield tag="981" ind1=" " ind2=" ">
    <subfield code="a">PHOTO</subfield>
  </datafield>
</record>
<record>
  <controlfield tag="001">6718</controlfield>
  <controlfield tag="005">20151222133854.0</controlfield>
  <datafield tag="035" ind1=" " ind2=" ">
    <subfield code="a">O-port-1896-0106-K_02</subfield>
  </datafield>
  <datafield tag="300" ind1=" " ind2=" ">
    <subfield code="b">Papirkopi</subfield>
    <subfield code="c">11</subfield>
    <subfield code="d">15</subfield>
    <subfield code="h">cm</subfield>
  </datafield>
  <datafield tag="340" ind1=" " ind2=" ">
    <subfield code="a">Papir</subfield>
    <subfield code="i">Svart-hvitt</subfield>
    <subfield code="o">Positiv</subfield>
  </datafield>
  <datafield tag="852" ind1=" " ind2=" ">
    <subfield code="b">Olsen bruksarkiv</subfield>
    <subfield code="c">Olsen portrett kab 1896-0106</subfield>
  </datafield>
  <datafield tag="935" ind1=" " ind2=" ">
    <subfield code="a">O-port-1896-0106-K-K</subfield>
    <subfield code="b">O-port-1896-0106-K</subfield>
  </datafield>
  <datafield tag="980" ind1=" " ind2=" ">
    <subfield code="a">Olsen</subfield>
  </datafield>
  <datafield tag="980" ind1=" " ind2=" ">
    <subfield code="a">PHOTO</subfield>
  </datafield>
  <datafield tag="981" ind1=" " ind2=" ">
    <subfield code="a">PHOTO</subfield>
  </datafield>
</record>
<record>
  <controlfield tag="001">6720</controlfield>
  <controlfield tag="005">20151222133854.0</controlfield>
  <datafield tag="035" ind1=" " ind2=" ">
    <subfield code="a">O-port-1904-0324_02</subfield>
  </datafield>
  <datafield tag="340" ind1=" " ind2=" ">
    <subfield code="a">Papir</subfield>
    <subfield code="i">Svart-hvitt</subfield>
    <subfield code="o">Positiv</subfield>
  </datafield>
  <datafield tag="852" ind1=" " ind2=" ">
    <subfield code="b">Portrettsamling</subfield>
    <subfield code="c">Portrettsamling II: Bratt, Halfdan</subfield>
    <subfield code="q">Rastrert utskrift</subfield>
  </datafield>
  <datafield tag="935" ind1=" " ind2=" ">
    <subfield code="b">O-port-1904-0324</subfield>
  </datafield>
  <datafield tag="980" ind1=" " ind2=" ">
    <subfield code="a">Olsen</subfield>
  </datafield>
  <datafield tag="980" ind1=" " ind2=" ">
    <subfield code="a">PHOTO</subfield>
  </datafield>
  <datafield tag="981" ind1=" " ind2=" ">
    <subfield code="a">PHOTO</subfield>
  </datafield>
</record>
<record>
  <controlfield tag="001">74029</controlfield>
  <controlfield tag="005">20151230173433.0</controlfield>
  <datafield tag="035" ind1=" " ind2=" ">
    <subfield code="a">UBT-AU-32209_02</subfield>
  </datafield>
  <datafield tag="100" ind1=" " ind2=" ">
    <subfield code="a">Aune, Peder Olsen</subfield>
    <subfield code="c">Fotograf</subfield>
    <subfield code="d">1883-1932</subfield>
  </datafield>
  <datafield tag="245" ind1=" " ind2=" ">
    <subfield code="a">Portrett av Stokkan, Per H.</subfield>
  </datafield>
  <datafield tag="260" ind1=" " ind2=" ">
    <subfield code="c">1950-12</subfield>
  </datafield>
  <datafield tag="340" ind1=" " ind2=" ">
    <subfield code="a">Papir</subfield>
    <subfield code="o">Positiv</subfield>
  </datafield>
  <datafield tag="500" ind1=" " ind2=" ">
    <subfield code="a">Hilfling negativ som er feilmerket Aune</subfield>
  </datafield>
  <datafield tag="520" ind1=" " ind2=" ">
    <subfield code="a">liten gutt, helfigur</subfield>
  </datafield>
  <datafield tag="591" ind1=" " ind2="a">
    <subfield code="a">Hilfling k015239</subfield>
  </datafield>
  <datafield tag="600" ind1=" " ind2=" ">
    <subfield code="3">Stokkan, Håkon Per</subfield>
    <subfield code="a">Stokkan, Per Håkon</subfield>
    <subfield code="k">Aasen st.</subfield>
  </datafield>
  <datafield tag="852" ind1=" " ind2=" ">
    <subfield code="b">Portrettsamling</subfield>
    <subfield code="c">Portrettsamling</subfield>
    <subfield code="t">1 av 9 eksponeringer</subfield>
  </datafield>
  <datafield tag="935" ind1=" " ind2=" ">
    <subfield code="b">UBT-AU-32209</subfield>
  </datafield>
  <datafield tag="980" ind1=" " ind2=" ">
    <subfield code="a">Aune</subfield>
  </datafield>
  <datafield tag="980" ind1=" " ind2=" ">
    <subfield code="a">PHOTO</subfield>
  </datafield>
  <datafield tag="981" ind1=" " ind2=" ">
    <subfield code="a">PHOTO</subfield>
  </datafield>
</record>
<record>
  <controlfield tag="001">78574</controlfield>
  <controlfield tag="005">20151230220346.0</controlfield>
  <datafield tag="935" ind1=" " ind2=" ">
    <subfield code="b">UBT-AU-29347</subfield>
    <subfield code="b">UBT-AU-29347</subfield>
  </datafield>
  <datafield tag="980" ind1=" " ind2=" ">
    <subfield code="a">Aune</subfield>
  </datafield>
  <datafield tag="980" ind1=" " ind2=" ">
    <subfield code="a">PHOTO</subfield>
  </datafield>
  <datafield tag="981" ind1=" " ind2=" ">
    <subfield code="a">PHOTO</subfield>
  </datafield>
</record>
<record>
  <controlfield tag="001">78581</controlfield>
  <controlfield tag="005">20151231003914.0</controlfield>
  <datafield tag="935" ind1=" " ind2=" ">
    <subfield code="b">UBT-AU-29347</subfield>
    <subfield code="b">UBT-AU-29347</subfield>
  </datafield>
  <datafield tag="980" ind1=" " ind2=" ">
    <subfield code="a">Aune</subfield>
  </datafield>
  <datafield tag="980" ind1=" " ind2=" ">
    <subfield code="a">PHOTO</subfield>
  </datafield>
  <datafield tag="981" ind1=" " ind2=" ">
    <subfield code="a">PHOTO</subfield>
  </datafield>
</record>
<record>
  <controlfield tag="001">78582</controlfield>
  <controlfield tag="005">20151231004309.0</controlfield>
  <datafield tag="935" ind1=" " ind2=" ">
    <subfield code="b">UBT-AU-29347</subfield>
    <subfield code="b">UBT-AU-29347</subfield>
  </datafield>
  <datafield tag="980" ind1=" " ind2=" ">
    <subfield code="a">Aune</subfield>
  </datafield>
  <datafield tag="980" ind1=" " ind2=" ">
    <subfield code="a">PHOTO</subfield>
  </datafield>
  <datafield tag="981" ind1=" " ind2=" ">
    <subfield code="a">PHOTO</subfield>
  </datafield>
</record>
<record>
  <controlfield tag="001">78583</controlfield>
  <controlfield tag="005">20151231004536.0</controlfield>
  <datafield tag="935" ind1=" " ind2=" ">
    <subfield code="b">UBT-AU-29347</subfield>
    <subfield code="b">UBT-AU-29347</subfield>
  </datafield>
  <datafield tag="980" ind1=" " ind2=" ">
    <subfield code="a">Aune</subfield>
  </datafield>
  <datafield tag="980" ind1=" " ind2=" ">
    <subfield code="a">PHOTO</subfield>
  </datafield>
  <datafield tag="981" ind1=" " ind2=" ">
    <subfield code="a">PHOTO</subfield>
  </datafield>
</record>
<record>
  <controlfield tag="001">78584</controlfield>
  <controlfield tag="005">20151231004826.0</controlfield>
  <datafield tag="935" ind1=" " ind2=" ">
    <subfield code="b">UBT-AU-29347</subfield>
    <subfield code="b">UBT-AU-29347</subfield>
  </datafield>
  <datafield tag="980" ind1=" " ind2=" ">
    <subfield code="a">Aune</subfield>
  </datafield>
  <datafield tag="980" ind1=" " ind2=" ">
    <subfield code="a">PHOTO</subfield>
  </datafield>
  <datafield tag="981" ind1=" " ind2=" ">
    <subfield code="a">PHOTO</subfield>
  </datafield>
</record>