
<record>
  <controlfield tag="001">89628</controlfield>
  <controlfield tag="005">20160102171813.0</controlfield>
  <datafield tag="035" ind1=" " ind2=" ">
    <subfield code="a">UBT-TO-004708_02</subfield>
  </datafield>
  <datafield tag="088" ind1=" " ind2=" ">
    <subfield code="a">Uhjmg</subfield>
  </datafield>
  <datafield tag="245" ind1=" " ind2=" ">
    <subfield code="a">Privatbanken på hjørnet av Søndre og Thomas Angells gate.</subfield>
  </datafield>
  <datafield tag="260" ind1=" " ind2=" ">
    <subfield code="c">1912</subfield>
  </datafield>
  <datafield tag="269" ind1=" " ind2=" ">
    <subfield code="a">1912</subfield>
  </datafield>
  <datafield tag="300" ind1=" " ind2=" ">
    <subfield code="c">10</subfield>
    <subfield code="d">14</subfield>
    <subfield code="h">cm</subfield>
  </datafield>
  <datafield tag="520" ind1=" " ind2=" ">
    <subfield code="a">Stenbygning med store buede vinduer stentrapp ved store utelamper på sokler</subfield>
  </datafield>
  <datafield tag="651" ind1=" " ind2=" ">
    <subfield code="a">Midtbyen</subfield>
    <subfield code="c">Trondheim</subfield>
    <subfield code="h">Søndre gate 14</subfield>
  </datafield>
  <datafield tag="651" ind1=" " ind2=" ">
    <subfield code="a">Søndre gate 14</subfield>
  </datafield>
  <datafield tag="651" ind1=" " ind2=" ">
    <subfield code="a">Privatbanken</subfield>
  </datafield>
  <datafield tag="852" ind1=" " ind2=" ">
    <subfield code="b">Prospektsamling</subfield>
    <subfield code="c">VI-Uhjmg-71498</subfield>
  </datafield>
  <datafield tag="935" ind1=" " ind2=" ">
    <subfield code="b">UBT-TO-004708</subfield>
  </datafield>
  <datafield tag="980" ind1=" " ind2=" ">
    <subfield code="a">UBTTO</subfield>
  </datafield>
  <datafield tag="980" ind1=" " ind2=" ">
    <subfield code="a">PHOTO</subfield>
  </datafield>
  <datafield tag="981" ind1=" " ind2=" ">
    <subfield code="a">PHOTO</subfield>
  </datafield>
</record>