
<record>
  <controlfield tag="001">89989</controlfield>
  <controlfield tag="005">20160102184712.0</controlfield>
  <datafield tag="035" ind1=" " ind2=" ">
    <subfield code="a">UBT-TO-005050_02</subfield>
  </datafield>
  <datafield tag="088" ind1=" " ind2=" ">
    <subfield code="a">UHJS</subfield>
  </datafield>
  <datafield tag="245" ind1=" " ind2=" ">
    <subfield code="a">17.mai på Kristiansten festning, stor folkemengde.</subfield>
  </datafield>
  <datafield tag="260" ind1=" " ind2=" ">
    <subfield code="c">1908 stempel</subfield>
  </datafield>
  <datafield tag="269" ind1=" " ind2=" ">
    <subfield code="a">1908</subfield>
  </datafield>
  <datafield tag="340" ind1=" " ind2=" ">
    <subfield code="a">Papir</subfield>
    <subfield code="i">Svart-hvitt</subfield>
    <subfield code="o">Positiv</subfield>
  </datafield>
  <datafield tag="500" ind1=" " ind2=" ">
    <subfield code="a">Bildet i format V er nøyaktig samme motiv.</subfield>
  </datafield>
  <datafield tag="520" ind1=" " ind2=" ">
    <subfield code="a">Prospektkort med følgende tekst: Trondhjem. Kristianstens Fæstning.</subfield>
  </datafield>
  <datafield tag="591" ind1=" " ind2="a">
    <subfield code="a">F-II-1254 (prospektkortet)/F IV-43:21a (fotografiet)</subfield>
  </datafield>
  <datafield tag="650" ind1=" " ind2=" ">
    <subfield code="a">flagg</subfield>
  </datafield>
  <datafield tag="651" ind1=" " ind2=" ">
    <subfield code="a">Festning</subfield>
    <subfield code="c">Trondheim</subfield>
    <subfield code="h">Kristiansten festning</subfield>
  </datafield>
  <datafield tag="651" ind1=" " ind2=" ">
    <subfield code="a">Kristiansten festning</subfield>
  </datafield>
  <datafield tag="651" ind1=" " ind2=" ">
    <subfield code="a">17.mai 1908</subfield>
  </datafield>
  <datafield tag="852" ind1=" " ind2=" ">
    <subfield code="b">Prospektsamling</subfield>
    <subfield code="c">V-Uhj s-71217</subfield>
  </datafield>
  <datafield tag="935" ind1=" " ind2=" ">
    <subfield code="b">UBT-TO-005050</subfield>
  </datafield>
  <datafield tag="980" ind1=" " ind2=" ">
    <subfield code="a">UBTTO</subfield>
  </datafield>
  <datafield tag="980" ind1=" " ind2=" ">
    <subfield code="a">PHOTO</subfield>
  </datafield>
  <datafield tag="981" ind1=" " ind2=" ">
    <subfield code="a">PHOTO</subfield>
  </datafield>
</record>