
<record>
  <controlfield tag="001">96275</controlfield>
  <controlfield tag="005">20160104004006.0</controlfield>
  <datafield tag="035" ind1=" " ind2=" ">
    <subfield code="a">UBT-TO-087975_02</subfield>
  </datafield>
  <datafield tag="088" ind1=" " ind2=" ">
    <subfield code="a">Uhjt</subfield>
  </datafield>
  <datafield tag="245" ind1=" " ind2=" ">
    <subfield code="a">Nedre Bakklandet 24</subfield>
  </datafield>
  <datafield tag="300" ind1=" " ind2=" ">
    <subfield code="b">Originaltegning</subfield>
    <subfield code="c">21</subfield>
    <subfield code="d">15</subfield>
    <subfield code="h">cm</subfield>
  </datafield>
  <datafield tag="340" ind1=" " ind2=" ">
    <subfield code="a">Papir</subfield>
    <subfield code="i">Svart-hvitt</subfield>
    <subfield code="o">Positiv</subfield>
  </datafield>
  <datafield tag="520" ind1=" " ind2=" ">
    <subfield code="a">Tegning av vindu i Nedre Bakklandet 24. Mål 1:20. Dette er huset som står akkurat der Bakklandet deler seg i Nedre Bakklandet og Nygata. Tegningen er laget i forbindelse med Sverre Pedersen boligundersøkelse.</subfield>
  </datafield>
  <datafield tag="591" ind1=" " ind2="a">
    <subfield code="a">F-II-Digital-6845</subfield>
  </datafield>
  <datafield tag="651" ind1=" " ind2=" ">
    <subfield code="a">Nedre Bakklandet</subfield>
    <subfield code="c">Trondheim</subfield>
    <subfield code="h">Nedre Bakklandet 24</subfield>
  </datafield>
  <datafield tag="852" ind1=" " ind2=" ">
    <subfield code="b">Sverre Pedersen arkiv, Boligundersøkelsen</subfield>
    <subfield code="c">MS-SP-541:58 Storformat</subfield>
  </datafield>
  <datafield tag="935" ind1=" " ind2=" ">
    <subfield code="b">UBT-TO-087975</subfield>
  </datafield>
  <datafield tag="980" ind1=" " ind2=" ">
    <subfield code="a">UBTTO</subfield>
  </datafield>
  <datafield tag="980" ind1=" " ind2=" ">
    <subfield code="a">PHOTO</subfield>
  </datafield>
  <datafield tag="981" ind1=" " ind2=" ">
    <subfield code="a">PHOTO</subfield>
  </datafield>
</record>