
<record>
  <controlfield tag="001">96279</controlfield>
  <controlfield tag="005">20160104004018.0</controlfield>
  <datafield tag="035" ind1=" " ind2=" ">
    <subfield code="a">UBT-TO-087980_02</subfield>
  </datafield>
  <datafield tag="088" ind1=" " ind2=" ">
    <subfield code="a">Uhj</subfield>
  </datafield>
  <datafield tag="245" ind1=" " ind2=" ">
    <subfield code="a">Gårdsrom</subfield>
  </datafield>
  <datafield tag="300" ind1=" " ind2=" ">
    <subfield code="b">Akvarell</subfield>
    <subfield code="c">22</subfield>
    <subfield code="d">25</subfield>
    <subfield code="h">cm</subfield>
  </datafield>
  <datafield tag="340" ind1=" " ind2=" ">
    <subfield code="i">Farge</subfield>
    <subfield code="o">Positiv</subfield>
  </datafield>
  <datafield tag="520" ind1=" " ind2=" ">
    <subfield code="a">Maleri av et gårdsrom uten stedsangivelse i Trondheim. Akvarellen har påskrift Krag Qvam. Akvarellen er laget i forbindelse med Sverre Pedersen boligundersøkelse.</subfield>
  </datafield>
  <datafield tag="591" ind1=" " ind2="a">
    <subfield code="a">F-II-Digital-6847</subfield>
  </datafield>
  <datafield tag="651" ind1=" " ind2=" ">
    <subfield code="c">Trondheim</subfield>
  </datafield>
  <datafield tag="852" ind1=" " ind2=" ">
    <subfield code="b">Sverre Pedersen arkiv, Boligundersøkelsen</subfield>
    <subfield code="c">MS-SP-541:58 Storformat</subfield>
  </datafield>
  <datafield tag="935" ind1=" " ind2=" ">
    <subfield code="b">UBT-TO-087980</subfield>
  </datafield>
  <datafield tag="980" ind1=" " ind2=" ">
    <subfield code="a">UBTTO</subfield>
  </datafield>
  <datafield tag="980" ind1=" " ind2=" ">
    <subfield code="a">PHOTO</subfield>
  </datafield>
  <datafield tag="981" ind1=" " ind2=" ">
    <subfield code="a">PHOTO</subfield>
  </datafield>
</record>