
<record>
  <controlfield tag="001">99430</controlfield>
  <controlfield tag="005">20160104122458.0</controlfield>
  <datafield tag="035" ind1=" " ind2=" ">
    <subfield code="a">PO-012534_02</subfield>
  </datafield>
  <datafield tag="245" ind1=" " ind2=" ">
    <subfield code="a">Portrett av Reidun Cartfjord</subfield>
  </datafield>
  <datafield tag="340" ind1=" " ind2=" ">
    <subfield code="i">Svart-hvitt</subfield>
    <subfield code="o">Negativ</subfield>
  </datafield>
  <datafield tag="520" ind1=" " ind2=" ">
    <subfield code="a">dame, halvfigur</subfield>
  </datafield>
  <datafield tag="600" ind1=" " ind2=" ">
    <subfield code="3">Dahl, Reidun</subfield>
    <subfield code="a">Cartfjord, Reidun</subfield>
    <subfield code="d">f.1905-05-17 - .</subfield>
    <subfield code="g">Født Dahl. Drev firmaet Odd Cartfjord AS, Trondheim. Aktivt medlem av Østbyens Sanitets- og Tuberkuloseforening.</subfield>
    <subfield code="k">Gyldenløves gt 10 (1955)</subfield>
  </datafield>
  <datafield tag="852" ind1=" " ind2=" ">
    <subfield code="b">Portrettsamling</subfield>
    <subfield code="c">Portrettsamling I: Cartfjord, Reidun</subfield>
  </datafield>
  <datafield tag="935" ind1=" " ind2=" ">
    <subfield code="b">PO-012534</subfield>
  </datafield>
  <datafield tag="980" ind1=" " ind2=" ">
    <subfield code="a">PO</subfield>
  </datafield>
  <datafield tag="980" ind1=" " ind2=" ">
    <subfield code="a">PHOTO</subfield>
  </datafield>
  <datafield tag="981" ind1=" " ind2=" ">
    <subfield code="a">PHOTO</subfield>
  </datafield>
</record>