
<record>
  <controlfield tag="001">99490</controlfield>
  <controlfield tag="005">20160104122502.0</controlfield>
  <datafield tag="035" ind1=" " ind2=" ">
    <subfield code="a">PO-012575_02</subfield>
  </datafield>
  <datafield tag="245" ind1=" " ind2=" ">
    <subfield code="a">Portrett av J.A Christensen og Kristine</subfield>
  </datafield>
  <datafield tag="300" ind1=" " ind2=" ">
    <subfield code="b">Negativ</subfield>
    <subfield code="c">4</subfield>
    <subfield code="d">2</subfield>
    <subfield code="h">cm</subfield>
  </datafield>
  <datafield tag="340" ind1=" " ind2=" ">
    <subfield code="i">Svart-hvitt</subfield>
    <subfield code="o">Negativ</subfield>
  </datafield>
  <datafield tag="520" ind1=" " ind2=" ">
    <subfield code="a">mann, halvfigur, frakk</subfield>
  </datafield>
  <datafield tag="600" ind1=" " ind2=" ">
    <subfield code="a">Christensen, Johan</subfield>
    <subfield code="c">Sagbruksarbeider</subfield>
    <subfield code="d">f.1884-02-19 - .</subfield>
    <subfield code="g">Opprinnelig fra Sømna i Helgeland. Arbeidet i over 40 år som sagbruksarbeider ved Steinkjer Dampsag og Høvleri.For sitt virke der fikk han Norges Vels medalje for lang og tro tjeneste.</subfield>
  </datafield>
  <datafield tag="852" ind1=" " ind2=" ">
    <subfield code="b">Portrettsamling</subfield>
    <subfield code="c">Portrettsamling I: Christensen, Johan, f.1884</subfield>
  </datafield>
  <datafield tag="935" ind1=" " ind2=" ">
    <subfield code="b">PO-012575</subfield>
  </datafield>
  <datafield tag="980" ind1=" " ind2=" ">
    <subfield code="a">PO</subfield>
  </datafield>
  <datafield tag="980" ind1=" " ind2=" ">
    <subfield code="a">PHOTO</subfield>
  </datafield>
  <datafield tag="981" ind1=" " ind2=" ">
    <subfield code="a">PHOTO</subfield>
  </datafield>
</record>