
<record>
  <controlfield tag="001">100085</controlfield>
  <controlfield tag="005">20160104122930.0</controlfield>
  <datafield tag="035" ind1=" " ind2=" ">
    <subfield code="a">PO-013802_03</subfield>
  </datafield>
  <datafield tag="100" ind1=" " ind2=" ">
    <subfield code="a">Aune, Peder Olsen</subfield>
  </datafield>
  <datafield tag="245" ind1=" " ind2=" ">
    <subfield code="a">Portrett av Jan Kielland</subfield>
  </datafield>
  <datafield tag="300" ind1=" " ind2=" ">
    <subfield code="b">Glassnegativ kabinettformat</subfield>
    <subfield code="c">16</subfield>
    <subfield code="d">12</subfield>
    <subfield code="h">cm</subfield>
  </datafield>
  <datafield tag="520" ind1=" " ind2=" ">
    <subfield code="a">Mann. Silhuett. Halvfigur</subfield>
  </datafield>
  <datafield tag="591" ind1=" " ind2="a">
    <subfield code="a">F-II-Digital-6257 (papirbilder)/ F-II-Digital-6245(glassnegativ)</subfield>
  </datafield>
  <datafield tag="600" ind1=" " ind2=" ">
    <subfield code="3">Kjelland, Jan</subfield>
    <subfield code="a">Kielland, Jan</subfield>
    <subfield code="d">f.1769-08-30 d.1813-12-12</subfield>
    <subfield code="g">Gift med Anna Dorothea f. Kruse</subfield>
  </datafield>
  <datafield tag="935" ind1=" " ind2=" ">
    <subfield code="b">PO-013802</subfield>
  </datafield>
  <datafield tag="980" ind1=" " ind2=" ">
    <subfield code="a">PO</subfield>
  </datafield>
  <datafield tag="980" ind1=" " ind2=" ">
    <subfield code="a">PHOTO</subfield>
  </datafield>
  <datafield tag="981" ind1=" " ind2=" ">
    <subfield code="a">PHOTO</subfield>
  </datafield>
</record>