
<record>
  <controlfield tag="001">100086</controlfield>
  <controlfield tag="005">20160104122930.0</controlfield>
  <datafield tag="035" ind1=" " ind2=" ">
    <subfield code="a">PO-013804_02</subfield>
  </datafield>
  <datafield tag="100" ind1=" " ind2=" ">
    <subfield code="a">Aune, Peder Olsen</subfield>
    <subfield code="c">Fotograf</subfield>
  </datafield>
  <datafield tag="245" ind1=" " ind2=" ">
    <subfield code="a">Portrett av Anna Dorothea Kielland</subfield>
  </datafield>
  <datafield tag="300" ind1=" " ind2=" ">
    <subfield code="b">Glassnegativ kabinettformat</subfield>
    <subfield code="c">16</subfield>
    <subfield code="d">12</subfield>
    <subfield code="h">cm</subfield>
  </datafield>
  <datafield tag="340" ind1=" " ind2=" ">
    <subfield code="a">Glass</subfield>
    <subfield code="i">Svart-hvitt</subfield>
    <subfield code="o">Negativ</subfield>
  </datafield>
  <datafield tag="520" ind1=" " ind2=" ">
    <subfield code="a">Kvinne. Silhuett. Halvfigur</subfield>
  </datafield>
  <datafield tag="591" ind1=" " ind2="a">
    <subfield code="a">F-II-Digital-6252 (papirbilde)/ F-II-Digital-6239(glassnegativ)</subfield>
  </datafield>
  <datafield tag="600" ind1=" " ind2=" ">
    <subfield code="3">Kjelland, Anna Dorothea</subfield>
    <subfield code="a">Kielland, Anna Dorothea Kruse</subfield>
    <subfield code="d">f.1771-08-08 d.1847-08-06</subfield>
    <subfield code="g">Født Kruse. Gift med Jan Kielland</subfield>
  </datafield>
  <datafield tag="852" ind1=" " ind2=" ">
    <subfield code="b">Aune glassplater, portrett</subfield>
    <subfield code="c">Format II: Kielland, Anna Dorothea</subfield>
  </datafield>
  <datafield tag="935" ind1=" " ind2=" ">
    <subfield code="b">PO-013804</subfield>
  </datafield>
  <datafield tag="980" ind1=" " ind2=" ">
    <subfield code="a">PO</subfield>
  </datafield>
  <datafield tag="980" ind1=" " ind2=" ">
    <subfield code="a">PHOTO</subfield>
  </datafield>
  <datafield tag="981" ind1=" " ind2=" ">
    <subfield code="a">PHOTO</subfield>
  </datafield>
</record>