
<record>
  <controlfield tag="001">100087</controlfield>
  <controlfield tag="005">20160104122930.0</controlfield>
  <datafield tag="035" ind1=" " ind2=" ">
    <subfield code="a">PO-013831_02</subfield>
  </datafield>
  <datafield tag="100" ind1=" " ind2=" ">
    <subfield code="a">Aune, Peder Olsen</subfield>
    <subfield code="c">Fotograf</subfield>
  </datafield>
  <datafield tag="245" ind1=" " ind2=" ">
    <subfield code="a">Portrett av Gabriel Kirsebom Kielland sine døtre</subfield>
  </datafield>
  <datafield tag="300" ind1=" " ind2=" ">
    <subfield code="b">Glass</subfield>
    <subfield code="c">12</subfield>
    <subfield code="d">16</subfield>
    <subfield code="h">cm</subfield>
  </datafield>
  <datafield tag="340" ind1=" " ind2=" ">
    <subfield code="a">Glass</subfield>
    <subfield code="i">Svart-hvitt</subfield>
    <subfield code="o">Negativ</subfield>
  </datafield>
  <datafield tag="520" ind1=" " ind2=" ">
    <subfield code="a">Fem kvinner sitter rundt et bord, helfigur. Kone og døtre av presten Gabriel Kirsebom Kielland. Fra venstre: Albertha, Theodora, Gustava, Gabrielle og Birgitte.</subfield>
  </datafield>
  <datafield tag="591" ind1=" " ind2="a">
    <subfield code="a">F-II-Digital-6253 (papirbilde)/F-II-Digital-6244 (glassnegativ)</subfield>
  </datafield>
  <datafield tag="592" ind1=" " ind2=" ">
    <subfield code="a">94971</subfield>
  </datafield>
  <datafield tag="600" ind1=" " ind2=" ">
    <subfield code="3">Kjelland, Gabriel Kirsebom</subfield>
    <subfield code="a">Kielland, Gabriel Kirsebom</subfield>
    <subfield code="c">Prest</subfield>
    <subfield code="d">f.1796-01-26 d.1854-04-20</subfield>
    <subfield code="g">Ikke med på bildet.</subfield>
  </datafield>
  <datafield tag="600" ind1=" " ind2=" ">
    <subfield code="3">Kjelland, Gustava</subfield>
    <subfield code="a">Kielland, Gustava Blom</subfield>
    <subfield code="d">f.1800 d.1889</subfield>
    <subfield code="g">Født Blom. Gift med presten Gabriel Kirsebom Kielland</subfield>
  </datafield>
  <datafield tag="600" ind1=" " ind2=" ">
    <subfield code="3">Blom, Gustava</subfield>
  </datafield>
  <datafield tag="600" ind1=" " ind2=" ">
    <subfield code="3">Kjelland, Albertha</subfield>
    <subfield code="a">Winsnes, Johanne Albertha Benedicta Kielland</subfield>
    <subfield code="d">f.1829 d.1904</subfield>
    <subfield code="g">Gift Winsnes</subfield>
  </datafield>
  <datafield tag="600" ind1=" " ind2=" ">
    <subfield code="3">Winsnæs, Albertha</subfield>
  </datafield>
  <datafield tag="600" ind1=" " ind2=" ">
    <subfield code="3">Kjelland, Theodora</subfield>
    <subfield code="a">Hofflund, Anna Theodora Petra Marie Kielland</subfield>
    <subfield code="d">f.1827 d.1913</subfield>
    <subfield code="g">Gift Hofflund</subfield>
  </datafield>
  <datafield tag="600" ind1=" " ind2=" ">
    <subfield code="3">Hauge, Ella</subfield>
    <subfield code="a">Hauge, Gabrielle Caspara Sigismunda Kielland</subfield>
    <subfield code="d">f.1830 d.1911</subfield>
    <subfield code="g">Gift Hauge. Hadde kallenavnet Ella</subfield>
  </datafield>
  <datafield tag="600" ind1=" " ind2=" ">
    <subfield code="3">Kielland, Ella</subfield>
  </datafield>
  <datafield tag="600" ind1=" " ind2=" ">
    <subfield code="3">Kjelland, Gabrielle</subfield>
  </datafield>
  <datafield tag="600" ind1=" " ind2=" ">
    <subfield code="3">Kjelland, Ella</subfield>
  </datafield>
  <datafield tag="600" ind1=" " ind2=" ">
    <subfield code="3">Piene, Itta</subfield>
    <subfield code="a">Piene, Bergitte hristine Sophie Nyrup Kielland</subfield>
    <subfield code="d">f.1837 d.1909</subfield>
    <subfield code="g">Gift Piene. Hadde kallenavnet Itta</subfield>
  </datafield>
  <datafield tag="600" ind1=" " ind2=" ">
    <subfield code="3">Kielland, Itta</subfield>
  </datafield>
  <datafield tag="600" ind1=" " ind2=" ">
    <subfield code="3">Kjelland, Itta</subfield>
  </datafield>
  <datafield tag="600" ind1=" " ind2=" ">
    <subfield code="3">Kjelland, Birgitte</subfield>
  </datafield>
  <datafield tag="852" ind1=" " ind2=" ">
    <subfield code="b">Aune glassplater, portrett</subfield>
    <subfield code="c">Format II: Kielland, Gustava og hennes 4 døtre</subfield>
  </datafield>
  <datafield tag="935" ind1=" " ind2=" ">
    <subfield code="b">PO-013831</subfield>
  </datafield>
  <datafield tag="980" ind1=" " ind2=" ">
    <subfield code="a">PO</subfield>
  </datafield>
  <datafield tag="980" ind1=" " ind2=" ">
    <subfield code="a">PHOTO</subfield>
  </datafield>
  <datafield tag="981" ind1=" " ind2=" ">
    <subfield code="a">PHOTO</subfield>
  </datafield>
</record>