
<record>
  <controlfield tag="001">100089</controlfield>
  <controlfield tag="005">20160104122931.0</controlfield>
  <datafield tag="035" ind1=" " ind2=" ">
    <subfield code="a">PO-013810_02</subfield>
  </datafield>
  <datafield tag="100" ind1=" " ind2=" ">
    <subfield code="a">Aune, Peder Olsen</subfield>
    <subfield code="c">Fotograf i Trondhjem</subfield>
    <subfield code="d">1883-1932</subfield>
  </datafield>
  <datafield tag="245" ind1=" " ind2=" ">
    <subfield code="a">Portrett av fru Anna Dorthea Kruse</subfield>
  </datafield>
  <datafield tag="300" ind1=" " ind2=" ">
    <subfield code="b">Glass</subfield>
    <subfield code="c">12</subfield>
    <subfield code="d">8</subfield>
    <subfield code="h">cm</subfield>
  </datafield>
  <datafield tag="340" ind1=" " ind2=" ">
    <subfield code="a">Glass</subfield>
    <subfield code="i">Svart-hvitt</subfield>
    <subfield code="o">Negativ</subfield>
  </datafield>
  <datafield tag="520" ind1=" " ind2=" ">
    <subfield code="a">Kvinne halvfigur. Avbildet i sin brudedrakt. Maleri</subfield>
  </datafield>
  <datafield tag="591" ind1=" " ind2="a">
    <subfield code="a">F-II-Digital-6251</subfield>
  </datafield>
  <datafield tag="592" ind1=" " ind2=" ">
    <subfield code="a">6382</subfield>
  </datafield>
  <datafield tag="600" ind1=" " ind2=" ">
    <subfield code="3">Preus, Anna Dorthea</subfield>
    <subfield code="a">Kruse, Anna Sofie Dorthea</subfield>
    <subfield code="d">f.1738-03-18 d.1806-02-05</subfield>
    <subfield code="g">Født Preus. Datter av Hans Preus i Eisfeldt Sacksen Meiningen, saltmester på Vallø, død 2.5.1789 og hustru Anna Sofie Albertine Wehling. De giftet seg 1.5.1736. Hans Preus anla kruttmølle på Kongsberg. Anna Dorothea Preus giftet seg 19.7.1759 med apoteker Caspar Caspersen Kruse.</subfield>
  </datafield>
  <datafield tag="852" ind1=" " ind2=" ">
    <subfield code="b">Aune glassplater, portrett</subfield>
    <subfield code="c">Format I:Kruse, Anna Dorthea</subfield>
  </datafield>
  <datafield tag="935" ind1=" " ind2=" ">
    <subfield code="b">PO-013810</subfield>
  </datafield>
  <datafield tag="980" ind1=" " ind2=" ">
    <subfield code="a">PO</subfield>
  </datafield>
  <datafield tag="980" ind1=" " ind2=" ">
    <subfield code="a">PHOTO</subfield>
  </datafield>
  <datafield tag="981" ind1=" " ind2=" ">
    <subfield code="a">PHOTO</subfield>
  </datafield>
</record>