
<record>
  <controlfield tag="001">100096</controlfield>
  <controlfield tag="005">20160104122950.0</controlfield>
  <datafield tag="035" ind1=" " ind2=" ">
    <subfield code="a">PO-013907_02</subfield>
  </datafield>
  <datafield tag="245" ind1=" " ind2=" ">
    <subfield code="a">Portrett av T.D. Tellefsen</subfield>
  </datafield>
  <datafield tag="300" ind1=" " ind2=" ">
    <subfield code="b">Litografi</subfield>
  </datafield>
  <datafield tag="340" ind1=" " ind2=" ">
    <subfield code="a">Papir</subfield>
    <subfield code="o">Positiv</subfield>
  </datafield>
  <datafield tag="520" ind1=" " ind2=" ">
    <subfield code="a">Mann halvfigur</subfield>
  </datafield>
  <datafield tag="591" ind1=" " ind2="a">
    <subfield code="a">F-II-Digital-6512</subfield>
  </datafield>
  <datafield tag="600" ind1=" " ind2=" ">
    <subfield code="a">Tellefsen, Thomas Dyke Acland</subfield>
    <subfield code="c">Pianist og komponist</subfield>
    <subfield code="d">f.1823-11-26 d.1874-10-06</subfield>
    <subfield code="g">Født i Trondheim, studerte under sin far, organisten Johan Christian Tellefsen og Ole Andreas Lindeman. Holdt sin første offentlige konsert i hjembyen våren 1842. I 1843 studier i Paris, hos Charlotte Thygeson. 1844-1847 periodisk undervist av Frédéric Chopin, som også ble hans personlige venn. Chopin hadde stor påvirkning på Tellefsens musikalske stil. Vellykket debut i Paris i 1851, nå ble han ansett som en av de største pianister i sin samtid. Dyktig tolker av Chopins musikk. Da Chopin døde i 1849, tok Tellefsen over noen av hans elever. Gjorde stor suksess i 1850- 60-årene med turneer i England, Sverige og Norge. Døde i Paris, er gravlagt ved Cimetière d´Auteuil.</subfield>
  </datafield>
  <datafield tag="852" ind1=" " ind2=" ">
    <subfield code="b">Portrettsamling</subfield>
    <subfield code="c">Største mappe</subfield>
  </datafield>
  <datafield tag="935" ind1=" " ind2=" ">
    <subfield code="b">PO-013907</subfield>
  </datafield>
  <datafield tag="980" ind1=" " ind2=" ">
    <subfield code="a">PO</subfield>
  </datafield>
  <datafield tag="980" ind1=" " ind2=" ">
    <subfield code="a">PHOTO</subfield>
  </datafield>
  <datafield tag="981" ind1=" " ind2=" ">
    <subfield code="a">PHOTO</subfield>
  </datafield>
</record>