
<record>
  <controlfield tag="001">100099</controlfield>
  <controlfield tag="005">20160104122951.0</controlfield>
  <datafield tag="035" ind1=" " ind2=" ">
    <subfield code="a">PO-013913_02</subfield>
  </datafield>
  <datafield tag="100" ind1=" " ind2=" ">
    <subfield code="a">Schrøder, Trondhjem</subfield>
  </datafield>
  <datafield tag="245" ind1=" " ind2=" ">
    <subfield code="a">Portrett av Victor Ronander</subfield>
  </datafield>
  <datafield tag="300" ind1=" " ind2=" ">
    <subfield code="b">Ovalt løst bilde</subfield>
    <subfield code="c">18</subfield>
    <subfield code="d">13</subfield>
    <subfield code="h">cm</subfield>
  </datafield>
  <datafield tag="340" ind1=" " ind2=" ">
    <subfield code="a">Papir</subfield>
    <subfield code="o">Positiv</subfield>
  </datafield>
  <datafield tag="520" ind1=" " ind2=" ">
    <subfield code="a">Mann med lorgnett, oval, halvfigur.</subfield>
  </datafield>
  <datafield tag="591" ind1=" " ind2="a">
    <subfield code="a">F-II-Digital-6489</subfield>
  </datafield>
  <datafield tag="600" ind1=" " ind2=" ">
    <subfield code="3">Ronander, Viktor</subfield>
    <subfield code="a">Ronander, Victor Carl</subfield>
    <subfield code="c">Musiker og historiker.</subfield>
    <subfield code="d">f.1847-07-07 d.1929-04-03</subfield>
    <subfield code="g">Født i København, død i Trondheim. Utdannet pianist, kapellmester ved teaterensembler og sirkus på turneéer i Norden og Russland. Slik kom han til Trondheim flere ganger. I 1899 ble han ansatt ved DKNVS Biblioteket og var i 1921-29 bestyrer av selskapets myntsamling. Kapellmester på Hjorten og på Trøndelag teater. Ivrig arkeolog, tegner og maler.</subfield>
  </datafield>
  <datafield tag="852" ind1=" " ind2=" ">
    <subfield code="b">Portrettsamling</subfield>
    <subfield code="c">Portrettsamling IV: Ronander, Victor</subfield>
  </datafield>
  <datafield tag="935" ind1=" " ind2=" ">
    <subfield code="b">PO-013913</subfield>
  </datafield>
  <datafield tag="980" ind1=" " ind2=" ">
    <subfield code="a">PO</subfield>
  </datafield>
  <datafield tag="980" ind1=" " ind2=" ">
    <subfield code="a">PHOTO</subfield>
  </datafield>
  <datafield tag="981" ind1=" " ind2=" ">
    <subfield code="a">PHOTO</subfield>
  </datafield>
</record>