
<record>
  <controlfield tag="001">100108</controlfield>
  <controlfield tag="005">20160104123238.0</controlfield>
  <datafield tag="035" ind1=" " ind2=" ">
    <subfield code="a">PO-013936_02</subfield>
  </datafield>
  <datafield tag="245" ind1=" " ind2=" ">
    <subfield code="a">Portrett av Peter Schmidt</subfield>
  </datafield>
  <datafield tag="300" ind1=" " ind2=" ">
    <subfield code="b">Glass</subfield>
    <subfield code="c">12</subfield>
    <subfield code="d">8</subfield>
    <subfield code="h">cm</subfield>
  </datafield>
  <datafield tag="340" ind1=" " ind2=" ">
    <subfield code="a">Glass</subfield>
    <subfield code="i">Svart-hvitt</subfield>
    <subfield code="o">Negativ</subfield>
  </datafield>
  <datafield tag="520" ind1=" " ind2=" ">
    <subfield code="a">Kopi av maleri. Originalmaleriet er malt av Knud Bergslien i 1887.</subfield>
  </datafield>
  <datafield tag="591" ind1=" " ind2="a">
    <subfield code="a">F-II-Digital-6616 (glassplate) og 6617 (papirbilde)</subfield>
  </datafield>
  <datafield tag="600" ind1=" " ind2=" ">
    <subfield code="3">Smidt, Petter</subfield>
    <subfield code="a">Schmidt, Peter</subfield>
    <subfield code="c">Kjøpmann og medlem av Riksforsamlingen på Eidsvoll i 1814.</subfield>
    <subfield code="d">f.1782 d.1845</subfield>
    <subfield code="g">Sønn av kjøpmann i Trondheim Claus Schmidt (d. 1831) og Johanne Christine Bech (d. 1840). Han drev forretning i sin hjemby fram til Riksforsamlingen. På Eidsvoll var han 2. representant for Trondhjem og tilhørte politisk Unionspartiet. Schmidt måtte avvikle sin forretning 1826 og gikk over i offentlig tjeneste. I 1830 ble han konstituert tukthusinspektør. Videre var han børskommissær 1833-1842, og «Veier, Maaler og Vrager» fra 1840 og endte som hospitalforstander.</subfield>
  </datafield>
  <datafield tag="852" ind1=" " ind2=" ">
    <subfield code="b">Aune glassplater, portrett</subfield>
    <subfield code="c">Minste format: Schmidt, Peter</subfield>
  </datafield>
  <datafield tag="935" ind1=" " ind2=" ">
    <subfield code="b">PO-013936</subfield>
  </datafield>
  <datafield tag="980" ind1=" " ind2=" ">
    <subfield code="a">PO</subfield>
  </datafield>
  <datafield tag="980" ind1=" " ind2=" ">
    <subfield code="a">PHOTO</subfield>
  </datafield>
  <datafield tag="981" ind1=" " ind2=" ">
    <subfield code="a">PHOTO</subfield>
  </datafield>
</record>