
<record>
  <controlfield tag="001">100953</controlfield>
  <controlfield tag="005">20160105153351.0</controlfield>
  <datafield tag="035" ind1=" " ind2=" ">
    <subfield code="a">HI-v-7985_02</subfield>
  </datafield>
  <datafield tag="100" ind1=" " ind2=" ">
    <subfield code="a">Hilfling-Rasmussen</subfield>
    <subfield code="c">Fotograf i Trondhjem</subfield>
    <subfield code="d">1910-1960</subfield>
  </datafield>
  <datafield tag="245" ind1=" " ind2=" ">
    <subfield code="a">Portrett av Dwarschy</subfield>
  </datafield>
  <datafield tag="300" ind1=" " ind2=" ">
    <subfield code="b">Papirbilde</subfield>
    <subfield code="c">11</subfield>
    <subfield code="d">7</subfield>
    <subfield code="h">cm</subfield>
  </datafield>
  <datafield tag="340" ind1=" " ind2=" ">
    <subfield code="a">Papir</subfield>
    <subfield code="i">Svart-hvitt</subfield>
    <subfield code="o">Positiv</subfield>
  </datafield>
  <datafield tag="520" ind1=" " ind2=" ">
    <subfield code="a">Mann. Skjegg. Halvfigur</subfield>
  </datafield>
  <datafield tag="591" ind1=" " ind2="a">
    <subfield code="a">Hilfling v 7985</subfield>
  </datafield>
  <datafield tag="600" ind1=" " ind2=" ">
    <subfield code="3">Dworsky</subfield>
    <subfield code="a">Dwarschy</subfield>
    <subfield code="g">Herr</subfield>
  </datafield>
  <datafield tag="852" ind1=" " ind2=" ">
    <subfield code="b">Portrettsamling</subfield>
    <subfield code="c">Portrettsamling I: Dwarschy</subfield>
  </datafield>
  <datafield tag="935" ind1=" " ind2=" ">
    <subfield code="b">HI-v-7985</subfield>
  </datafield>
  <datafield tag="980" ind1=" " ind2=" ">
    <subfield code="a">HILFLING</subfield>
  </datafield>
  <datafield tag="980" ind1=" " ind2=" ">
    <subfield code="a">PHOTO</subfield>
  </datafield>
  <datafield tag="981" ind1=" " ind2=" ">
    <subfield code="a">PHOTO</subfield>
  </datafield>
</record>