
<record>
  <controlfield tag="001">100961</controlfield>
  <controlfield tag="005">20160105153352.0</controlfield>
  <datafield tag="035" ind1=" " ind2=" ">
    <subfield code="a">HI-v-05727_02</subfield>
  </datafield>
  <datafield tag="100" ind1=" " ind2=" ">
    <subfield code="a">Hilfling-Rasmussen</subfield>
    <subfield code="c">Fotograf i Trondhjem</subfield>
    <subfield code="d">1910-1960</subfield>
  </datafield>
  <datafield tag="245" ind1=" " ind2=" ">
    <subfield code="a">Portrett av Einar Hokstad med frue</subfield>
  </datafield>
  <datafield tag="300" ind1=" " ind2=" ">
    <subfield code="b">Papirbilde</subfield>
    <subfield code="c">11</subfield>
    <subfield code="d">7</subfield>
    <subfield code="h">cm</subfield>
  </datafield>
  <datafield tag="340" ind1=" " ind2=" ">
    <subfield code="a">Papir</subfield>
    <subfield code="i">Svart-hvitt</subfield>
    <subfield code="o">Positiv</subfield>
  </datafield>
  <datafield tag="520" ind1=" " ind2=" ">
    <subfield code="a">Brudepar. Brud. Brudgom. Brudeslør. Brudekjole. Brudebukett. Damehansker. Herrehansker. Knapphullsblomst. Helfigur</subfield>
  </datafield>
  <datafield tag="591" ind1=" " ind2="a">
    <subfield code="a">Hilfling v 5727</subfield>
  </datafield>
  <datafield tag="600" ind1=" " ind2=" ">
    <subfield code="3">Hogstad</subfield>
    <subfield code="a">Hokstad, Einar</subfield>
    <subfield code="g">Fra Frosta</subfield>
  </datafield>
  <datafield tag="600" ind1=" " ind2=" ">
    <subfield code="3">Hogstad, fru</subfield>
    <subfield code="a">Hokstad, fru</subfield>
  </datafield>
  <datafield tag="852" ind1=" " ind2=" ">
    <subfield code="b">Portrettsamling</subfield>
    <subfield code="c">Portrettsamling I: Hokstad, Einar</subfield>
  </datafield>
  <datafield tag="935" ind1=" " ind2=" ">
    <subfield code="b">HI-v-05727</subfield>
  </datafield>
  <datafield tag="980" ind1=" " ind2=" ">
    <subfield code="a">HILFLING</subfield>
  </datafield>
  <datafield tag="980" ind1=" " ind2=" ">
    <subfield code="a">PHOTO</subfield>
  </datafield>
  <datafield tag="981" ind1=" " ind2=" ">
    <subfield code="a">PHOTO</subfield>
  </datafield>
</record>