
<record>
  <controlfield tag="001">101014</controlfield>
  <controlfield tag="005">20160105153355.0</controlfield>
  <datafield tag="035" ind1=" " ind2=" ">
    <subfield code="a">HI-028360_02</subfield>
  </datafield>
  <datafield tag="100" ind1=" " ind2=" ">
    <subfield code="a">Hilfling-Rasmussen</subfield>
    <subfield code="c">Fotograf i Trondhjem</subfield>
    <subfield code="d">1910-1960</subfield>
  </datafield>
  <datafield tag="245" ind1=" " ind2=" ">
    <subfield code="a">Portrett av Arne Børsum</subfield>
  </datafield>
  <datafield tag="300" ind1=" " ind2=" ">
    <subfield code="b">Papirbilde</subfield>
    <subfield code="c">8</subfield>
    <subfield code="d">6</subfield>
    <subfield code="h">cm</subfield>
  </datafield>
  <datafield tag="340" ind1=" " ind2=" ">
    <subfield code="a">Papir</subfield>
    <subfield code="i">Svart-hvitt</subfield>
    <subfield code="o">Positiv</subfield>
  </datafield>
  <datafield tag="520" ind1=" " ind2=" ">
    <subfield code="a">Mann. Halvfigur</subfield>
  </datafield>
  <datafield tag="591" ind1=" " ind2="a">
    <subfield code="a">Hilfling 028360</subfield>
  </datafield>
  <datafield tag="600" ind1=" " ind2=" ">
    <subfield code="a">Børsum, Arne</subfield>
    <subfield code="c">Student ved 4. maskin, NTH</subfield>
    <subfield code="d">1931 - .</subfield>
    <subfield code="g">Født i Drammen</subfield>
  </datafield>
  <datafield tag="852" ind1=" " ind2=" ">
    <subfield code="b">Portrettsamling</subfield>
    <subfield code="c">Portrettsamling I: Børsum, Arne</subfield>
  </datafield>
  <datafield tag="935" ind1=" " ind2=" ">
    <subfield code="b">HI-028360</subfield>
  </datafield>
  <datafield tag="980" ind1=" " ind2=" ">
    <subfield code="a">HILFLING</subfield>
  </datafield>
  <datafield tag="980" ind1=" " ind2=" ">
    <subfield code="a">PHOTO</subfield>
  </datafield>
  <datafield tag="981" ind1=" " ind2=" ">
    <subfield code="a">PHOTO</subfield>
  </datafield>
</record>