
<record>
  <controlfield tag="001">101095</controlfield>
  <controlfield tag="005">20160105153810.0</controlfield>
  <datafield tag="035" ind1=" " ind2=" ">
    <subfield code="a">HI-08137-4_02</subfield>
  </datafield>
  <datafield tag="100" ind1=" " ind2=" ">
    <subfield code="a">Hilfling-Rasmussen</subfield>
    <subfield code="c">Fotograf i Trondhjem</subfield>
    <subfield code="d">1910-1960</subfield>
  </datafield>
  <datafield tag="245" ind1=" " ind2=" ">
    <subfield code="a">Portrett av Jorunn Dyrvik</subfield>
  </datafield>
  <datafield tag="300" ind1=" " ind2=" ">
    <subfield code="b">Papirbilde</subfield>
    <subfield code="c">10</subfield>
    <subfield code="d">7</subfield>
    <subfield code="h">cm</subfield>
  </datafield>
  <datafield tag="340" ind1=" " ind2=" ">
    <subfield code="a">Papir</subfield>
    <subfield code="i">Svart-hvitt</subfield>
    <subfield code="o">Positiv</subfield>
  </datafield>
  <datafield tag="520" ind1=" " ind2=" ">
    <subfield code="a">Kvinne. Halvfigur</subfield>
  </datafield>
  <datafield tag="591" ind1=" " ind2="a">
    <subfield code="a">Hilfling 08137-4</subfield>
  </datafield>
  <datafield tag="600" ind1=" " ind2=" ">
    <subfield code="3">Dyrvik, Jorun</subfield>
    <subfield code="a">Dyrvik, Jorunn</subfield>
  </datafield>
  <datafield tag="852" ind1=" " ind2=" ">
    <subfield code="b">Portrettsamling</subfield>
    <subfield code="c">Portrettsamling I: Dyrvik, Jorunn</subfield>
    <subfield code="t">2 eks.</subfield>
  </datafield>
  <datafield tag="935" ind1=" " ind2=" ">
    <subfield code="b">HI-08137-4</subfield>
  </datafield>
  <datafield tag="980" ind1=" " ind2=" ">
    <subfield code="a">HILFLING</subfield>
  </datafield>
  <datafield tag="980" ind1=" " ind2=" ">
    <subfield code="a">PHOTO</subfield>
  </datafield>
  <datafield tag="981" ind1=" " ind2=" ">
    <subfield code="a">PHOTO</subfield>
  </datafield>
</record>