
<record>
  <controlfield tag="001">102885</controlfield>
  <controlfield tag="005">20160106091358.0</controlfield>
  <datafield tag="035" ind1=" " ind2=" ">
    <subfield code="a">HA-PO-26694_02</subfield>
  </datafield>
  <datafield tag="100" ind1=" " ind2=" ">
    <subfield code="a">Hassel, Adam Chr.</subfield>
    <subfield code="c">Fotograf i Trondheim</subfield>
    <subfield code="d">1897-1946</subfield>
  </datafield>
  <datafield tag="245" ind1=" " ind2=" ">
    <subfield code="a">Portrett av Mette Dybfest (mann)</subfield>
  </datafield>
  <datafield tag="300" ind1=" " ind2=" ">
    <subfield code="b">Papirbilde</subfield>
    <subfield code="c">8</subfield>
    <subfield code="d">6</subfield>
    <subfield code="h">cm</subfield>
  </datafield>
  <datafield tag="340" ind1=" " ind2=" ">
    <subfield code="a">Papir</subfield>
    <subfield code="i">Svart-hvitt</subfield>
    <subfield code="o">Positiv</subfield>
  </datafield>
  <datafield tag="520" ind1=" " ind2=" ">
    <subfield code="a">Mann. Halvfigur</subfield>
  </datafield>
  <datafield tag="591" ind1=" " ind2="a">
    <subfield code="a">Hassel 26694</subfield>
  </datafield>
  <datafield tag="600" ind1=" " ind2=" ">
    <subfield code="a">Dybfest, Mette</subfield>
  </datafield>
  <datafield tag="852" ind1=" " ind2=" ">
    <subfield code="b">Portrettsamling</subfield>
    <subfield code="c">Portrettsamling I: Dybfest, Mette (mann)</subfield>
    <subfield code="q">Oppklebet</subfield>
    <subfield code="t">2 eks.</subfield>
  </datafield>
  <datafield tag="935" ind1=" " ind2=" ">
    <subfield code="b">HA-PO-26694</subfield>
  </datafield>
  <datafield tag="980" ind1=" " ind2=" ">
    <subfield code="a">HASSEL</subfield>
  </datafield>
  <datafield tag="980" ind1=" " ind2=" ">
    <subfield code="a">PHOTO</subfield>
  </datafield>
  <datafield tag="981" ind1=" " ind2=" ">
    <subfield code="a">PHOTO</subfield>
  </datafield>
</record>