
<record>
  <controlfield tag="001">103577</controlfield>
  <controlfield tag="005">20160106101636.0</controlfield>
  <datafield tag="035" ind1=" " ind2=" ">
    <subfield code="a">HA-PO-27166-2_02</subfield>
  </datafield>
  <datafield tag="100" ind1=" " ind2=" ">
    <subfield code="a">Hassel, Adam Chr.</subfield>
    <subfield code="c">Fotograf</subfield>
    <subfield code="d">1897-1946</subfield>
  </datafield>
  <datafield tag="245" ind1=" " ind2=" ">
    <subfield code="a">Portrett av Andresen, Avlhilde, frk.</subfield>
  </datafield>
  <datafield tag="300" ind1=" " ind2=" ">
    <subfield code="b">Prøvetrykk</subfield>
    <subfield code="c">10</subfield>
    <subfield code="d">7</subfield>
    <subfield code="h">cm</subfield>
  </datafield>
  <datafield tag="340" ind1=" " ind2=" ">
    <subfield code="a">Papir</subfield>
    <subfield code="i">Svart-hvitt</subfield>
    <subfield code="o">Positiv</subfield>
  </datafield>
  <datafield tag="520" ind1=" " ind2=" ">
    <subfield code="a">Dame. Krage. Mansjetter. Klokke. Damesko. Stol. Helfigur</subfield>
  </datafield>
  <datafield tag="591" ind1=" " ind2="a">
    <subfield code="a">Hassel 27166</subfield>
  </datafield>
  <datafield tag="600" ind1=" " ind2=" ">
    <subfield code="a">Andresen, Alvhilde</subfield>
  </datafield>
  <datafield tag="852" ind1=" " ind2=" ">
    <subfield code="b">Portrettsamling</subfield>
    <subfield code="c">Portrettsamling I: Andresen, Alvhilde</subfield>
    <subfield code="t">2 eksemplarer</subfield>
  </datafield>
  <datafield tag="935" ind1=" " ind2=" ">
    <subfield code="b">HA-PO-27166-2</subfield>
  </datafield>
  <datafield tag="980" ind1=" " ind2=" ">
    <subfield code="a">HASSEL</subfield>
  </datafield>
  <datafield tag="980" ind1=" " ind2=" ">
    <subfield code="a">PHOTO</subfield>
  </datafield>
  <datafield tag="981" ind1=" " ind2=" ">
    <subfield code="a">PHOTO</subfield>
  </datafield>
</record>