
<record>
  <controlfield tag="001">103841</controlfield>
  <controlfield tag="005">20160106102459.0</controlfield>
  <datafield tag="035" ind1=" " ind2=" ">
    <subfield code="a">HA-PO-25819_02</subfield>
  </datafield>
  <datafield tag="100" ind1=" " ind2=" ">
    <subfield code="a">Hassel, Adam Chr.</subfield>
    <subfield code="c">Fotograf i Trondheim</subfield>
    <subfield code="d">1897-1946</subfield>
  </datafield>
  <datafield tag="245" ind1=" " ind2=" ">
    <subfield code="a">Portrett av Martin Dybdahl</subfield>
  </datafield>
  <datafield tag="300" ind1=" " ind2=" ">
    <subfield code="b">Papirbilde</subfield>
    <subfield code="c">11</subfield>
    <subfield code="d">8</subfield>
    <subfield code="h">cm</subfield>
  </datafield>
  <datafield tag="340" ind1=" " ind2=" ">
    <subfield code="a">Papir</subfield>
    <subfield code="i">Svart-hvitt</subfield>
    <subfield code="o">Positiv</subfield>
  </datafield>
  <datafield tag="520" ind1=" " ind2=" ">
    <subfield code="a">Mann. Halvfigur</subfield>
  </datafield>
  <datafield tag="591" ind1=" " ind2="a">
    <subfield code="a">Hassel 25819</subfield>
  </datafield>
  <datafield tag="600" ind1=" " ind2=" ">
    <subfield code="3">Dybdal, Martin</subfield>
    <subfield code="a">Dybdahl, Martin</subfield>
  </datafield>
  <datafield tag="852" ind1=" " ind2=" ">
    <subfield code="b">Portrettsamling</subfield>
    <subfield code="c">Portrettsamling I: Dybdahl, Martin</subfield>
  </datafield>
  <datafield tag="935" ind1=" " ind2=" ">
    <subfield code="b">HA-PO-25819</subfield>
  </datafield>
  <datafield tag="980" ind1=" " ind2=" ">
    <subfield code="a">HASSEL</subfield>
  </datafield>
  <datafield tag="980" ind1=" " ind2=" ">
    <subfield code="a">PHOTO</subfield>
  </datafield>
  <datafield tag="981" ind1=" " ind2=" ">
    <subfield code="a">PHOTO</subfield>
  </datafield>
</record>