
<record>
  <controlfield tag="001">103886</controlfield>
  <controlfield tag="005">20160106104425.0</controlfield>
  <datafield tag="035" ind1=" " ind2=" ">
    <subfield code="a">HA-PO-26252_02</subfield>
  </datafield>
  <datafield tag="100" ind1=" " ind2=" ">
    <subfield code="a">A. Chr. Hassel</subfield>
    <subfield code="c">Fotograf</subfield>
    <subfield code="d">1897-ca. 1940</subfield>
  </datafield>
  <datafield tag="245" ind1=" " ind2=" ">
    <subfield code="a">Portrett av Gustav Lundemo m.fl.</subfield>
  </datafield>
  <datafield tag="300" ind1=" " ind2=" ">
    <subfield code="b">Papirkopi</subfield>
    <subfield code="c">7</subfield>
    <subfield code="d">10</subfield>
    <subfield code="h">cm</subfield>
  </datafield>
  <datafield tag="340" ind1=" " ind2=" ">
    <subfield code="a">Papir</subfield>
    <subfield code="i">Svart-hvitt</subfield>
    <subfield code="o">Positiv</subfield>
  </datafield>
  <datafield tag="520" ind1=" " ind2=" ">
    <subfield code="a">Mann og dame, halvfigur, Oline og Gustav Lundemo</subfield>
  </datafield>
  <datafield tag="591" ind1=" " ind2="a">
    <subfield code="a">Hassel 26252</subfield>
  </datafield>
  <datafield tag="600" ind1=" " ind2=" ">
    <subfield code="3">Lundemoe, Gustav</subfield>
    <subfield code="a">Lundemo, Gustav Adolf</subfield>
    <subfield code="c">Sykkelreparatør</subfield>
    <subfield code="d">f.1904-12-03 d.1975-08-23</subfield>
    <subfield code="g">Giftet seg med Oline 3/8-1935 i Vår Frue Kirke. Ingen barn. Gustav arbeidet i mange år hos John Hansens Sportsforretning i Innherredsveien som altmuligmann, fram til han gikk av med pensjon i 1971. Han var sønn av skomakermester John August Lundemo f.1877 og hustru Gina f.1878 i Moss. Han vokste opp som nr. 4 i en søskenflokk på 12</subfield>
  </datafield>
  <datafield tag="600" ind1=" " ind2=" ">
    <subfield code="3">Lundemoe, Oline</subfield>
    <subfield code="a">Lundemo, Oline Sofie</subfield>
    <subfield code="d">f.1903-12-30 d.1980-03-16</subfield>
    <subfield code="g">Kom fra Rissa, født Moe. Arbeidet på Misjonskaféen i Trondheim. Både Oline og Gustav var praktiserende kristne og aktivt med i Trondheim Indremisjon, Salem.</subfield>
  </datafield>
  <datafield tag="600" ind1=" " ind2=" ">
    <subfield code="3">Moe, Oline Sofie</subfield>
  </datafield>
  <datafield tag="852" ind1=" " ind2=" ">
    <subfield code="b">Portrettsamling</subfield>
    <subfield code="c">Portrettsamling format I: Lundemo, Gustav</subfield>
  </datafield>
  <datafield tag="935" ind1=" " ind2=" ">
    <subfield code="b">HA-PO-26252</subfield>
  </datafield>
  <datafield tag="980" ind1=" " ind2=" ">
    <subfield code="a">HASSEL</subfield>
  </datafield>
  <datafield tag="980" ind1=" " ind2=" ">
    <subfield code="a">PHOTO</subfield>
  </datafield>
  <datafield tag="981" ind1=" " ind2=" ">
    <subfield code="a">PHOTO</subfield>
  </datafield>
</record>