
<record>
  <controlfield tag="001">111077</controlfield>
  <controlfield tag="005">20160118114004.0</controlfield>
  <datafield tag="591" ind1=" " ind2="a">
    <subfield code="a">F-II-Digital-6836</subfield>
  </datafield>
  <datafield tag="088" ind1=" " ind2=" ">
    <subfield code="a">Uhjt</subfield>
  </datafield>
  <datafield tag="852" ind1=" " ind2=" ">
    <subfield code="b">Sverre Pedersen arkiv, Boligundersøkelsen</subfield>
    <subfield code="c">MS-SP-541:62</subfield>
  </datafield>
  <datafield tag="300" ind1=" " ind2=" ">
    <subfield code="b">Original</subfield>
    <subfield code="c">9</subfield>
    <subfield code="d">6</subfield>
    <subfield code="h">cm</subfield>
  </datafield>
  <datafield tag="981" ind1=" " ind2=" ">
    <subfield code="a">PHOTO</subfield>
  </datafield>
  <datafield tag="245" ind1=" " ind2=" ">
    <subfield code="a">Nedre Bakklandet 14</subfield>
  </datafield>
  <datafield tag="260" ind1=" " ind2=" ">
    <subfield code="c">Våren 1949</subfield>
  </datafield>
  <datafield tag="340" ind1=" " ind2=" ">
    <subfield code="a">Papir</subfield>
    <subfield code="i">Svart-hvitt</subfield>
    <subfield code="o">Positiv</subfield>
  </datafield>
  <datafield tag="651" ind1=" " ind2=" ">
    <subfield code="a">Nedre Bakklandet</subfield>
    <subfield code="c">Trondheim</subfield>
    <subfield code="h">Nedre Bakklandet 14</subfield>
  </datafield>
  <datafield tag="520" ind1=" " ind2=" ">
    <subfield code="a">Gårdsrom i Nedre Bakklandet 14. Bildet er tatt i forbindelse med Sverre Pedersen boligundersøkelse.</subfield>
  </datafield>
  <datafield tag="269" ind1=" " ind2=" ">
    <subfield code="a">1949</subfield>
    <subfield code="b">1949</subfield>
  </datafield>
  <datafield tag="935" ind1=" " ind2=" ">
    <subfield code="b">UBT-TO-087830</subfield>
  </datafield>
  <datafield tag="980" ind1=" " ind2=" ">
    <subfield code="a">UBTTO</subfield>
  </datafield>
  <datafield tag="980" ind1=" " ind2=" ">
    <subfield code="a">PHOTO</subfield>
  </datafield>
  <datafield tag="980" ind1=" " ind2=" ">
    <subfield code="a">TEST Kenneth</subfield>
  </datafield>
  <datafield tag="980" ind1=" " ind2=" ">
    <subfield code="b">Test 2</subfield>
  </datafield>
  <datafield tag="980" ind1=" " ind2=" ">
    <subfield code="c">DELETED</subfield>
  </datafield>
  <datafield tag="035" ind1=" " ind2=" ">
    <subfield code="a">UBT-TO-087830_02</subfield>
  </datafield>
</record>