
<record>
  <controlfield tag="001">111083</controlfield>
  <controlfield tag="005">20160119091501.0</controlfield>
  <datafield tag="043" ind1=" " ind2=" ">
    <subfield code="2">geocode</subfield>
    <subfield code="a">Geolokasjon</subfield>
  </datafield>
  <datafield tag="546" ind1=" " ind2=" ">
    <subfield code="a">no</subfield>
  </datafield>
  <datafield tag="561" ind1=" " ind2=" ">
    <subfield code="a">Eierkapshistorikk</subfield>
  </datafield>
  <datafield tag="100" ind1=" " ind2=" ">
    <subfield code="a">Creator</subfield>
  </datafield>
  <datafield tag="110" ind1=" " ind2=" ">
    <subfield code="a">Skaperfirma</subfield>
  </datafield>
  <datafield tag="506" ind1=" " ind2=" ">
    <subfield code="a">Synlig for innloggede</subfield>
  </datafield>
  <datafield tag="600" ind1=" " ind2=" ">
    <subfield code="a">Person pa bildet</subfield>
  </datafield>
  <datafield tag="600" ind1=" " ind2=" ">
    <subfield code="c">Person pa bildet</subfield>
  </datafield>
  <datafield tag="600" ind1=" " ind2=" ">
    <subfield code="k">Person pa bildet</subfield>
  </datafield>
  <datafield tag="600" ind1=" " ind2=" ">
    <subfield code="3">Person pa bildet</subfield>
  </datafield>
  <datafield tag="600" ind1=" " ind2=" ">
    <subfield code="d">2016-01-18</subfield>
  </datafield>
  <datafield tag="600" ind1=" " ind2=" ">
    <subfield code="g">&lt;p>Person pa bildet&lt;/p></subfield>
  </datafield>
  <datafield tag="654" ind1=" " ind2=" ">
    <subfield code="a">Motivtype</subfield>
  </datafield>
  <datafield tag="852" ind1=" " ind2=" ">
    <subfield code="q">&lt;p>Tilstand&lt;/p></subfield>
    <subfield code="t">Person pa bildet</subfield>
    <subfield code="x">Nei</subfield>
  </datafield>
  <datafield tag="542" ind1=" " ind2=" ">
    <subfield code="f">Creative Commons</subfield>
  </datafield>
  <datafield tag="933" ind1=" " ind2=" ">
    <subfield code="c">Gammelkommune</subfield>
  </datafield>
  <datafield tag="980" ind1=" " ind2=" ">
    <subfield code="a">PHOTO</subfield>
  </datafield>
  <datafield tag="980" ind1=" " ind2=" ">
    <subfield code="c">DELETED</subfield>
  </datafield>
  <datafield tag="591" ind1=" " ind2=" ">
    <subfield code="a">Negativnummer</subfield>
  </datafield>
  <datafield tag="981" ind1=" " ind2=" ">
    <subfield code="a">Foto</subfield>
  </datafield>
  <datafield tag="610" ind1=" " ind2=" ">
    <subfield code="a">Person pa bildet</subfield>
  </datafield>
  <datafield tag="260" ind1=" " ind2=" ">
    <subfield code="b">Utgiver</subfield>
    <subfield code="c">Publication date, usikker</subfield>
  </datafield>
  <datafield tag="269" ind1=" " ind2=" ">
    <subfield code="a">2016</subfield>
    <subfield code="b">2016</subfield>
  </datafield>
  <datafield tag="300" ind1=" " ind2=" ">
    <subfield code="c">20</subfield>
    <subfield code="d">30</subfield>
    <subfield code="h">cm</subfield>
  </datafield>
  <datafield tag="300" ind1=" " ind2=" ">
    <subfield code="c">2</subfield>
    <subfield code="d">3</subfield>
    <subfield code="h">dm</subfield>
  </datafield>
  <datafield tag="300" ind1=" " ind2=" ">
    <subfield code="b">Fotografisk teknikk</subfield>
  </datafield>
  <datafield tag="340" ind1=" " ind2=" ">
    <subfield code="a">Bærende materiale</subfield>
  </datafield>
  <datafield tag="340" ind1=" " ind2=" ">
    <subfield code="i">Svart-hvitt</subfield>
  </datafield>
  <datafield tag="340" ind1=" " ind2=" ">
    <subfield code="o">Positivt</subfield>
  </datafield>
  <datafield tag="340" ind1=" " ind2=" ">
    <subfield code="c">Ja</subfield>
  </datafield>
  <datafield tag="856" ind1="4" ind2=" ">
    <subfield code="u">Person pa bildet</subfield>
  </datafield>
  <datafield tag="856" ind1="4" ind2=" ">
    <subfield code="s">4261</subfield>
    <subfield code="u">url</subfield>
  </datafield>
  <datafield tag="912" ind1=" " ind2=" ">
    <subfield code="e">2016-01-18</subfield>
    <subfield code="k">Registrator</subfield>
  </datafield>
  <datafield tag="932" ind1=" " ind2=" ">
    <subfield code="a">Topografisk</subfield>
  </datafield>
  <datafield tag="245" ind1=" " ind2=" ">
    <subfield code="a">Tittel</subfield>
  </datafield>
  <datafield tag="650" ind1=" " ind2=" ">
    <subfield code="a">Nokkelord</subfield>
  </datafield>
  <datafield tag="520" ind1=" " ind2=" ">
    <subfield code="a">Abstract</subfield>
  </datafield>
  <datafield tag="541" ind1=" " ind2=" ">
    <subfield code="f">Eier</subfield>
  </datafield>
  <datafield tag="246" ind1=" " ind2=" ">
    <subfield code="a">Alternativ tittel</subfield>
  </datafield>
  <datafield tag="651" ind1=" " ind2=" ">
    <subfield code="a">Stedsnavn</subfield>
  </datafield>
  <datafield tag="651" ind1=" " ind2=" ">
    <subfield code="g">Gårds- og bruksnummer</subfield>
  </datafield>
  <datafield tag="651" ind1=" " ind2=" ">
    <subfield code="c">Kommune</subfield>
  </datafield>
</record>
<record>
  <controlfield tag="001">111088</controlfield>
  <controlfield tag="005">20160119092335.0</controlfield>
  <datafield tag="043" ind1=" " ind2=" ">
    <subfield code="2">geocode</subfield>
    <subfield code="a">type</subfield>
  </datafield>
  <datafield tag="269" ind1=" " ind2=" ">
    <subfield code="a">2016</subfield>
    <subfield code="b">2016</subfield>
  </datafield>
  <datafield tag="340" ind1=" " ind2=" ">
    <subfield code="c">None</subfield>
    <subfield code="i">None</subfield>
    <subfield code="o">None</subfield>
  </datafield>
  <datafield tag="912" ind1=" " ind2=" ">
    <subfield code="e">2016-01-19</subfield>
  </datafield>
  <datafield tag="980" ind1=" " ind2=" ">
    <subfield code="a">PHOTO</subfield>
  </datafield>
  <datafield tag="980" ind1=" " ind2=" ">
    <subfield code="c">DELETED</subfield>
  </datafield>
  <datafield tag="546" ind1=" " ind2=" ">
    <subfield code="a">no</subfield>
  </datafield>
  <datafield tag="520" ind1=" " ind2=" ">
    <subfield code="a">Restrict hard</subfield>
  </datafield>
  <datafield tag="654" ind1=" " ind2=" ">
    <subfield code="a">testing</subfield>
  </datafield>
  <datafield tag="852" ind1=" " ind2=" ">
    <subfield code="x">None</subfield>
  </datafield>
  <datafield tag="981" ind1=" " ind2=" ">
    <subfield code="a">Foto</subfield>
  </datafield>
  <datafield tag="541" ind1=" " ind2=" ">
    <subfield code="f">Eier</subfield>
  </datafield>
  <datafield tag="542" ind1=" " ind2=" ">
    <subfield code="f">Creative Commons</subfield>
  </datafield>
  <datafield tag="506" ind1=" " ind2=" ">
    <subfield code="a">Synlig for registranter</subfield>
  </datafield>
  <datafield tag="600" ind1=" " ind2=" ">
    <subfield code="d">2016-01-19</subfield>
  </datafield>
</record>
<record>
  <controlfield tag="001">111087</controlfield>
  <controlfield tag="005">20160119092339.0</controlfield>
  <datafield tag="043" ind1=" " ind2=" ">
    <subfield code="2">geocode</subfield>
    <subfield code="a">type</subfield>
  </datafield>
  <datafield tag="269" ind1=" " ind2=" ">
    <subfield code="a">2016</subfield>
    <subfield code="b">2016</subfield>
  </datafield>
  <datafield tag="340" ind1=" " ind2=" ">
    <subfield code="c">None</subfield>
    <subfield code="i">None</subfield>
    <subfield code="o">None</subfield>
  </datafield>
  <datafield tag="912" ind1=" " ind2=" ">
    <subfield code="e">2016-01-19</subfield>
  </datafield>
  <datafield tag="980" ind1=" " ind2=" ">
    <subfield code="a">PHOTO</subfield>
  </datafield>
  <datafield tag="980" ind1=" " ind2=" ">
    <subfield code="c">DELETED</subfield>
  </datafield>
  <datafield tag="546" ind1=" " ind2=" ">
    <subfield code="a">no</subfield>
  </datafield>
  <datafield tag="520" ind1=" " ind2=" ">
    <subfield code="a">restrict public</subfield>
  </datafield>
  <datafield tag="654" ind1=" " ind2=" ">
    <subfield code="a">testing</subfield>
  </datafield>
  <datafield tag="852" ind1=" " ind2=" ">
    <subfield code="x">None</subfield>
  </datafield>
  <datafield tag="981" ind1=" " ind2=" ">
    <subfield code="a">Foto</subfield>
  </datafield>
  <datafield tag="541" ind1=" " ind2=" ">
    <subfield code="f">Eier</subfield>
  </datafield>
  <datafield tag="542" ind1=" " ind2=" ">
    <subfield code="f">Creative Commons</subfield>
  </datafield>
  <datafield tag="506" ind1=" " ind2=" ">
    <subfield code="a">Synlig for alle</subfield>
  </datafield>
  <datafield tag="600" ind1=" " ind2=" ">
    <subfield code="d">2016-01-19</subfield>
  </datafield>
</record>
<record>
  <controlfield tag="001">111089</controlfield>
  <controlfield tag="005">20160119092905.0</controlfield>
  <datafield tag="043" ind1=" " ind2=" ">
    <subfield code="2">geocode</subfield>
    <subfield code="a">type</subfield>
  </datafield>
  <datafield tag="269" ind1=" " ind2=" ">
    <subfield code="a">2016</subfield>
    <subfield code="b">2016</subfield>
  </datafield>
  <datafield tag="340" ind1=" " ind2=" ">
    <subfield code="c">None</subfield>
    <subfield code="i">None</subfield>
    <subfield code="o">None</subfield>
  </datafield>
  <datafield tag="912" ind1=" " ind2=" ">
    <subfield code="e">2016-01-19</subfield>
  </datafield>
  <datafield tag="980" ind1=" " ind2=" ">
    <subfield code="a">PHOTO</subfield>
  </datafield>
  <datafield tag="980" ind1=" " ind2=" ">
    <subfield code="c">DELETED</subfield>
  </datafield>
  <datafield tag="546" ind1=" " ind2=" ">
    <subfield code="a">no</subfield>
  </datafield>
  <datafield tag="520" ind1=" " ind2=" ">
    <subfield code="a">public</subfield>
  </datafield>
  <datafield tag="654" ind1=" " ind2=" ">
    <subfield code="a">public</subfield>
  </datafield>
  <datafield tag="852" ind1=" " ind2=" ">
    <subfield code="x">None</subfield>
  </datafield>
  <datafield tag="981" ind1=" " ind2=" ">
    <subfield code="a">Foto</subfield>
  </datafield>
  <datafield tag="541" ind1=" " ind2=" ">
    <subfield code="f">public</subfield>
  </datafield>
  <datafield tag="542" ind1=" " ind2=" ">
    <subfield code="f">Creative Commons</subfield>
  </datafield>
  <datafield tag="600" ind1=" " ind2=" ">
    <subfield code="d">2016-01-19</subfield>
  </datafield>
</record>
<record>
  <controlfield tag="001">111090</controlfield>
  <controlfield tag="005">20160119092926.0</controlfield>
  <datafield tag="043" ind1=" " ind2=" ">
    <subfield code="2">geocode</subfield>
    <subfield code="a">type</subfield>
  </datafield>
  <datafield tag="269" ind1=" " ind2=" ">
    <subfield code="a">2016</subfield>
    <subfield code="b">2016</subfield>
  </datafield>
  <datafield tag="340" ind1=" " ind2=" ">
    <subfield code="c">None</subfield>
    <subfield code="i">None</subfield>
    <subfield code="o">None</subfield>
  </datafield>
  <datafield tag="912" ind1=" " ind2=" ">
    <subfield code="e">2016-01-19</subfield>
  </datafield>
  <datafield tag="980" ind1=" " ind2=" ">
    <subfield code="a">PHOTO</subfield>
  </datafield>
  <datafield tag="980" ind1=" " ind2=" ">
    <subfield code="c">DELETED</subfield>
  </datafield>
  <datafield tag="546" ind1=" " ind2=" ">
    <subfield code="a">no</subfield>
  </datafield>
  <datafield tag="520" ind1=" " ind2=" ">
    <subfield code="a">not public</subfield>
  </datafield>
  <datafield tag="654" ind1=" " ind2=" ">
    <subfield code="a">not public</subfield>
  </datafield>
  <datafield tag="852" ind1=" " ind2=" ">
    <subfield code="x">None</subfield>
  </datafield>
  <datafield tag="981" ind1=" " ind2=" ">
    <subfield code="a">Foto</subfield>
  </datafield>
  <datafield tag="541" ind1=" " ind2=" ">
    <subfield code="f">not public</subfield>
  </datafield>
  <datafield tag="542" ind1=" " ind2=" ">
    <subfield code="f">Creative Commons</subfield>
  </datafield>
  <datafield tag="506" ind1=" " ind2=" ">
    <subfield code="a">None</subfield>
  </datafield>
  <datafield tag="600" ind1=" " ind2=" ">
    <subfield code="d">2016-01-19</subfield>
  </datafield>
</record>
<record>
  <controlfield tag="001">111091</controlfield>
  <controlfield tag="005">20160119092935.0</controlfield>
  <datafield tag="043" ind1=" " ind2=" ">
    <subfield code="2">geocode</subfield>
    <subfield code="a">type</subfield>
  </datafield>
  <datafield tag="269" ind1=" " ind2=" ">
    <subfield code="a">2016</subfield>
    <subfield code="b">2016</subfield>
  </datafield>
  <datafield tag="340" ind1=" " ind2=" ">
    <subfield code="c">None</subfield>
    <subfield code="i">None</subfield>
    <subfield code="o">None</subfield>
  </datafield>
  <datafield tag="912" ind1=" " ind2=" ">
    <subfield code="e">2016-01-19</subfield>
  </datafield>
  <datafield tag="980" ind1=" " ind2=" ">
    <subfield code="a">PHOTO</subfield>
  </datafield>
  <datafield tag="980" ind1=" " ind2=" ">
    <subfield code="c">DELETED</subfield>
  </datafield>
  <datafield tag="546" ind1=" " ind2=" ">
    <subfield code="a">no</subfield>
  </datafield>
  <datafield tag="520" ind1=" " ind2=" ">
    <subfield code="a">np</subfield>
  </datafield>
  <datafield tag="654" ind1=" " ind2=" ">
    <subfield code="a">np</subfield>
  </datafield>
  <datafield tag="852" ind1=" " ind2=" ">
    <subfield code="x">None</subfield>
  </datafield>
  <datafield tag="981" ind1=" " ind2=" ">
    <subfield code="a">Foto</subfield>
  </datafield>
  <datafield tag="541" ind1=" " ind2=" ">
    <subfield code="f">np</subfield>
  </datafield>
  <datafield tag="542" ind1=" " ind2=" ">
    <subfield code="f">Creative Commons</subfield>
  </datafield>
  <datafield tag="506" ind1=" " ind2=" ">
    <subfield code="a">restricted</subfield>
  </datafield>
  <datafield tag="600" ind1=" " ind2=" ">
    <subfield code="d">2016-01-19</subfield>
  </datafield>
</record>