
<record>
  <controlfield tag="001">111092</controlfield>
  <controlfield tag="005">20160119103046.0</controlfield>
  <datafield tag="043" ind1=" " ind2=" ">
    <subfield code="2">geocode</subfield>
    <subfield code="a">type</subfield>
  </datafield>
  <datafield tag="912" ind1=" " ind2=" ">
    <subfield code="e">2016-01-19</subfield>
  </datafield>
  <datafield tag="100" ind1=" " ind2=" ">
    <subfield code="a">Enstad, Kenneth - d0eb04be-2af2-4040-b3aa-1aed2c2d0a47</subfield>
  </datafield>
  <datafield tag="245" ind1=" " ind2=" ">
    <subfield code="a">tittel</subfield>
  </datafield>
  <datafield tag="654" ind1=" " ind2=" ">
    <subfield code="a">Stilleben/gjenstandsfotografi</subfield>
  </datafield>
  <datafield tag="852" ind1=" " ind2=" ">
    <subfield code="x">None</subfield>
  </datafield>
  <datafield tag="856" ind1="4" ind2=" ">
    <subfield code="s">388385</subfield>
    <subfield code="u">url</subfield>
  </datafield>
  <datafield tag="520" ind1=" " ind2=" ">
    <subfield code="a">Motivbeskrivelse</subfield>
  </datafield>
  <datafield tag="945" ind1=" " ind2=" ">
    <subfield code="i">4334</subfield>
  </datafield>
  <datafield tag="980" ind1=" " ind2=" ">
    <subfield code="a">PHOTO</subfield>
  </datafield>
  <datafield tag="980" ind1=" " ind2=" ">
    <subfield code="c">DELETED</subfield>
  </datafield>
  <datafield tag="981" ind1=" " ind2=" ">
    <subfield code="a">Foto</subfield>
  </datafield>
  <datafield tag="541" ind1=" " ind2=" ">
    <subfield code="f">NTNU</subfield>
  </datafield>
  <datafield tag="260" ind1=" " ind2=" ">
    <subfield code="c">ca. 2015</subfield>
  </datafield>
  <datafield tag="269" ind1=" " ind2=" ">
    <subfield code="a">2016.01:10</subfield>
    <subfield code="b">2014.12:10</subfield>
  </datafield>
  <datafield tag="340" ind1=" " ind2=" ">
    <subfield code="c">None</subfield>
    <subfield code="i">None</subfield>
    <subfield code="o">None</subfield>
  </datafield>
  <datafield tag="542" ind1=" " ind2=" ">
    <subfield code="f">Creative Commons</subfield>
  </datafield>
  <datafield tag="546" ind1=" " ind2=" ">
    <subfield code="a">no</subfield>
  </datafield>
  <datafield tag="935" ind1=" " ind2=" ">
    <subfield code="b">0001</subfield>
  </datafield>
  <datafield tag="600" ind1=" " ind2=" ">
    <subfield code="a">Frode</subfield>
  </datafield>
  <datafield tag="600" ind1=" " ind2=" ">
    <subfield code="d">2016-01-19</subfield>
  </datafield>
</record>