
<record>
  <controlfield tag="001">111095</controlfield>
  <controlfield tag="005">20160119132707.0</controlfield>
  <datafield tag="541" ind1=" " ind2=" ">
    <subfield code="d">1955</subfield>
  </datafield>
  <datafield tag="592" ind1=" " ind2=" ">
    <subfield code="a">111092</subfield>
  </datafield>
  <datafield tag="600" ind1=" " ind2=" ">
    <subfield code="a">Volden, Martinus</subfield>
  </datafield>
  <datafield tag="852" ind1=" " ind2=" ">
    <subfield code="b">Aune arkiv</subfield>
    <subfield code="c">UBT-AU-15833</subfield>
    <subfield code="q">Bra, litt sølvutfelling i kantene</subfield>
    <subfield code="t">Ett negativ, to eksponeringer</subfield>
  </datafield>
  <datafield tag="992" ind1=" " ind2=" ">
    <subfield code="a">15833</subfield>
  </datafield>
  <datafield tag="300" ind1=" " ind2=" ">
    <subfield code="c">9</subfield>
    <subfield code="d">12</subfield>
    <subfield code="h">cm</subfield>
  </datafield>
  <datafield tag="981" ind1=" " ind2=" ">
    <subfield code="a">PHOTO</subfield>
  </datafield>
  <datafield tag="245" ind1=" " ind2=" ">
    <subfield code="a">Portrett av Volden, Martinus</subfield>
  </datafield>
  <datafield tag="260" ind1=" " ind2=" ">
    <subfield code="c">1920-12-27</subfield>
  </datafield>
  <datafield tag="340" ind1=" " ind2=" ">
    <subfield code="a">Film</subfield>
    <subfield code="i">Svart-hvitt</subfield>
    <subfield code="o">Negativ</subfield>
  </datafield>
  <datafield tag="935" ind1=" " ind2=" ">
    <subfield code="b">UBT-AU-15833</subfield>
  </datafield>
  <datafield tag="980" ind1=" " ind2=" ">
    <subfield code="a">Aune</subfield>
  </datafield>
  <datafield tag="980" ind1=" " ind2=" ">
    <subfield code="a">PHOTO</subfield>
  </datafield>
  <datafield tag="980" ind1=" " ind2=" ">
    <subfield code="c">DELETED</subfield>
  </datafield>
  <datafield tag="520" ind1=" " ind2=" ">
    <subfield code="a">Mann, grå dress, halvfigur</subfield>
  </datafield>
  <datafield tag="100" ind1=" " ind2=" ">
    <subfield code="a">Aune, Peder Olsen</subfield>
    <subfield code="c">Fotograf</subfield>
    <subfield code="d">1883-1932</subfield>
  </datafield>
  <datafield tag="912" ind1=" " ind2=" ">
    <subfield code="e">1999-02-03</subfield>
    <subfield code="k">SEK</subfield>
  </datafield>
  <datafield tag="269" ind1=" " ind2=" ">
    <subfield code="a">1920</subfield>
    <subfield code="b">1920</subfield>
  </datafield>
  <datafield tag="500" ind1=" " ind2=" ">
    <subfield code="a">Nitratfilm</subfield>
  </datafield>
  <datafield tag="035" ind1=" " ind2=" ">
    <subfield code="a">UBT-AU-15833_01</subfield>
  </datafield>
</record>