
<record>
  <controlfield tag="001">107995</controlfield>
  <controlfield tag="005">20160125010253.0</controlfield>
  <datafield tag="035" ind1=" " ind2=" ">
    <subfield code="a">ntnu00296</subfield>
  </datafield>
  <datafield tag="043" ind1=" " ind2=" ">
    <subfield code="a">3161733</subfield>
    <subfield code="2">geonames</subfield>
  </datafield>
  <datafield tag="245" ind1=" " ind2=" ">
    <subfield code="a">Udbyes "Naturen og Folkets Vaar" paa Sasngerfesten i Trondhjem</subfield>
  </datafield>
  <datafield tag="260" ind1=" " ind2=" ">
    <subfield code="a">Trondheim</subfield>
    <subfield code="c">1883</subfield>
  </datafield>
  <datafield tag="269" ind1=" " ind2=" ">
    <subfield code="a">1883</subfield>
  </datafield>
  <datafield tag="653" ind1=" " ind2=" ">
    <subfield code="a">Sangerfesten Trondheim</subfield>
  </datafield>
  <datafield tag="655" ind1=" " ind2=" ">
    <subfield code="a">Avisutklipp</subfield>
  </datafield>
  <datafield tag="856" ind1="4" ind2=" ">
    <subfield code="s">10842902</subfield>
    <subfield code="u">url</subfield>
  </datafield>
  <datafield tag="935" ind1=" " ind2=" ">
    <subfield code="a">Trykk</subfield>
  </datafield>
  <datafield tag="936" ind1=" " ind2=" ">
    <subfield code="a">Trykk</subfield>
  </datafield>
  <datafield tag="980" ind1=" " ind2=" ">
    <subfield code="a">Trykk</subfield>
  </datafield>
  <datafield tag="981" ind1=" " ind2=" ">
    <subfield code="a">PHOTO</subfield>
  </datafield>
</record>