
<record>
  <controlfield tag="001">111110</controlfield>
  <controlfield tag="005">20160301090754.0</controlfield>
  <datafield tag="546" ind1=" " ind2=" ">
    <subfield code="a">no</subfield>
  </datafield>
  <datafield tag="260" ind1=" " ind2=" ">
    <subfield code="c">ca 1946</subfield>
  </datafield>
  <datafield tag="935" ind1=" " ind2=" ">
    <subfield code="b">lokal ID</subfield>
  </datafield>
  <datafield tag="653" ind1=" " ind2=" ">
    <subfield code="a">emneord1</subfield>
  </datafield>
  <datafield tag="653" ind1=" " ind2=" ">
    <subfield code="a">emneord2</subfield>
  </datafield>
  <datafield tag="653" ind1=" " ind2=" ">
    <subfield code="a">emneord3</subfield>
  </datafield>
  <datafield tag="600" ind1=" " ind2=" ">
    <subfield code="a">avbildet person1</subfield>
  </datafield>
  <datafield tag="600" ind1=" " ind2=" ">
    <subfield code="a">avbildet oerson 2</subfield>
  </datafield>
  <datafield tag="542" ind1=" " ind2=" ">
    <subfield code="f">CC BY-NC-SA 4.0</subfield>
  </datafield>
  <datafield tag="852" ind1=" " ind2=" ">
    <subfield code="q">&lt;p>tilstandsvurdering&lt;/p></subfield>
  </datafield>
  <datafield tag="945" ind1=" " ind2=" ">
    <subfield code="i">strekkode</subfield>
  </datafield>
  <datafield tag="980" ind1=" " ind2=" ">
    <subfield code="a">Kart</subfield>
  </datafield>
  <datafield tag="980" ind1=" " ind2=" ">
    <subfield code="c">DELETED</subfield>
  </datafield>
  <datafield tag="981" ind1=" " ind2=" ">
    <subfield code="a">Kart</subfield>
  </datafield>
  <datafield tag="035" ind1=" " ind2=" ">
    <subfield code="a">opppstillingsid</subfield>
  </datafield>
  <datafield tag="043" ind1=" " ind2=" ">
    <subfield code="2">geocode</subfield>
    <subfield code="a">trondheim</subfield>
  </datafield>
  <datafield tag="100" ind1=" " ind2=" ">
    <subfield code="a">skaper</subfield>
    <subfield code="d">1999</subfield>
  </datafield>
  <datafield tag="541" ind1=" " ind2=" ">
    <subfield code="a">proveniens</subfield>
  </datafield>
  <datafield tag="541" ind1=" " ind2=" ">
    <subfield code="f">NTNU</subfield>
  </datafield>
  <datafield tag="269" ind1=" " ind2=" ">
    <subfield code="a">1946</subfield>
  </datafield>
  <datafield tag="300" ind1=" " ind2=" ">
    <subfield code="c">10</subfield>
    <subfield code="d">20</subfield>
    <subfield code="h">cm</subfield>
  </datafield>
  <datafield tag="300" ind1=" " ind2=" ">
    <subfield code="b">Ja</subfield>
  </datafield>
  <datafield tag="932" ind1=" " ind2=" ">
    <subfield code="a">topografisk info</subfield>
  </datafield>
  <datafield tag="856" ind1="4" ind2=" ">
    <subfield code="y">Samlingstilknytning</subfield>
  </datafield>
  <datafield tag="856" ind1="4" ind2=" ">
    <subfield code="s">388385</subfield>
    <subfield code="u">url</subfield>
  </datafield>
  <datafield tag="520" ind1=" " ind2=" ">
    <subfield code="a">Motivbeskrivelse</subfield>
  </datafield>
  <datafield tag="255" ind1=" " ind2=" ">
    <subfield code="a">målestokk</subfield>
  </datafield>
  <datafield tag="651" ind1=" " ind2=" ">
    <subfield code="a">Stedsnavn</subfield>
  </datafield>
  <datafield tag="245" ind1=" " ind2=" ">
    <subfield code="a">Tittel</subfield>
  </datafield>
</record>