
<record>
  <controlfield tag="001">100144</controlfield>
  <controlfield tag="005">20160306194610.0</controlfield>
  <datafield tag="035" ind1=" " ind2=" ">
    <subfield code="a">RR-01930_01</subfield>
  </datafield>
  <datafield tag="100" ind1=" " ind2=" ">
    <subfield code="a">Røske, Anton</subfield>
    <subfield code="c">Fotograf</subfield>
  </datafield>
  <datafield tag="245" ind1=" " ind2=" ">
    <subfield code="a">Portrett av Oline Olsen og 2 damer</subfield>
  </datafield>
  <datafield tag="260" ind1=" " ind2=" ">
    <subfield code="c">Ca. 1920</subfield>
  </datafield>
  <datafield tag="269" ind1=" " ind2=" ">
    <subfield code="a">1918</subfield>
    <subfield code="b">1924</subfield>
  </datafield>
  <datafield tag="300" ind1=" " ind2=" ">
    <subfield code="c">12</subfield>
    <subfield code="d">8</subfield>
    <subfield code="h">cm</subfield>
  </datafield>
  <datafield tag="340" ind1=" " ind2=" ">
    <subfield code="a">Glass</subfield>
    <subfield code="i">Svart-hvitt</subfield>
    <subfield code="o">Negativ</subfield>
  </datafield>
  <datafield tag="520" ind1=" " ind2=" ">
    <subfield code="a">Tre kvinner, 1, lys bluse, mørkt skjørt, stående, 2, lys bluse, smykke, stående, 3, lys bluse, mørkt skjørt, brosje, sittende på stol, alle helfigur</subfield>
  </datafield>
  <datafield tag="541" ind1=" " ind2=" ">
    <subfield code="d">2008</subfield>
  </datafield>
  <datafield tag="591" ind1=" " ind2="a">
    <subfield code="a">RR-01930</subfield>
  </datafield>
  <datafield tag="592" ind1=" " ind2=" ">
    <subfield code="a">21633</subfield>
  </datafield>
  <datafield tag="600" ind1=" " ind2=" ">
    <subfield code="a">Olsen, Oline</subfield>
  </datafield>
  <datafield tag="852" ind1=" " ind2=" ">
    <subfield code="b">Røske og Røstad</subfield>
    <subfield code="c">RR-01930</subfield>
    <subfield code="q">Sølvutfelling rundt kanten</subfield>
  </datafield>
  <datafield tag="856" ind1="4" ind2=" ">
    <subfield code="s">51544990</subfield>
    <subfield code="u">url</subfield>
  </datafield>
  <datafield tag="912" ind1=" " ind2=" ">
    <subfield code="e">2013-04-11</subfield>
    <subfield code="k">IK</subfield>
  </datafield>
  <datafield tag="935" ind1=" " ind2=" ">
    <subfield code="b">RR-01930</subfield>
  </datafield>
  <datafield tag="980" ind1=" " ind2=" ">
    <subfield code="a">RR</subfield>
  </datafield>
  <datafield tag="980" ind1=" " ind2=" ">
    <subfield code="a">PHOTO</subfield>
  </datafield>
  <datafield tag="980" ind1=" " ind2=" ">
    <subfield code="c">DELETED</subfield>
  </datafield>
  <datafield tag="981" ind1=" " ind2=" ">
    <subfield code="a">PHOTO</subfield>
  </datafield>
</record>