
<record>
  <controlfield tag="001">101847</controlfield>
  <controlfield tag="005">20160306194720.0</controlfield>
  <datafield tag="035" ind1=" " ind2=" ">
    <subfield code="a">J-010-3_01</subfield>
  </datafield>
  <datafield tag="088" ind1=" " ind2=" ">
    <subfield code="a">Uhjmh</subfield>
  </datafield>
  <datafield tag="100" ind1=" " ind2=" ">
    <subfield code="a">Jørgenvaag, Kåre A.</subfield>
    <subfield code="c">Amatørfotograf</subfield>
  </datafield>
  <datafield tag="245" ind1=" " ind2=" ">
    <subfield code="a">Skifting av flaggsnor</subfield>
  </datafield>
  <datafield tag="260" ind1=" " ind2=" ">
    <subfield code="c">1945-05-08</subfield>
  </datafield>
  <datafield tag="269" ind1=" " ind2=" ">
    <subfield code="a">1945</subfield>
    <subfield code="b">1945</subfield>
  </datafield>
  <datafield tag="300" ind1=" " ind2=" ">
    <subfield code="b">35mm filmstripe</subfield>
    <subfield code="c">24</subfield>
    <subfield code="d">3.6</subfield>
    <subfield code="h">cm</subfield>
  </datafield>
  <datafield tag="340" ind1=" " ind2=" ">
    <subfield code="a">Film</subfield>
    <subfield code="i">Svart-hvitt</subfield>
    <subfield code="o">Negativ</subfield>
  </datafield>
  <datafield tag="520" ind1=" " ind2=" ">
    <subfield code="a">En brannmann klatrende på toppen av flaggstanga på taket til Nordenfjeldske Kreditbank, frigjøringsdagen. En mann stående på taket. Stige opp fra Dronningens gate. Mange mennesker ute i gata. Apotekerveita går inn etter Britannia hotel før banken. Videre sees Kunstindustrimuseet.</subfield>
  </datafield>
  <datafield tag="541" ind1=" " ind2=" ">
    <subfield code="d">2010</subfield>
  </datafield>
  <datafield tag="591" ind1=" " ind2="a">
    <subfield code="a">010-3</subfield>
  </datafield>
  <datafield tag="651" ind1=" " ind2=" ">
    <subfield code="a">Midtbyen</subfield>
    <subfield code="c">Trondheim</subfield>
    <subfield code="h">Dronningensgate</subfield>
  </datafield>
  <datafield tag="651" ind1=" " ind2=" ">
    <subfield code="a">Nordenfjeldske Kreditbank a/s</subfield>
    <subfield code="c">Trondheim</subfield>
    <subfield code="h">Dronningens gate 3</subfield>
  </datafield>
  <datafield tag="651" ind1=" " ind2=" ">
    <subfield code="a">Kunstindustrimuseet</subfield>
    <subfield code="c">Trondheim</subfield>
    <subfield code="h">Dronningens gate 1b</subfield>
  </datafield>
  <datafield tag="700" ind1=" " ind2=" ">
    <subfield code="a">Familien Jørgenvaag</subfield>
    <subfield code="e">Giver</subfield>
  </datafield>
  <datafield tag="852" ind1=" " ind2=" ">
    <subfield code="b">Jørgenvaag</subfield>
    <subfield code="c">Jørgenvaag 010-3</subfield>
  </datafield>
  <datafield tag="856" ind1="4" ind2=" ">
    <subfield code="s">21101772</subfield>
    <subfield code="u">url</subfield>
  </datafield>
  <datafield tag="912" ind1=" " ind2=" ">
    <subfield code="e">2013-10-21</subfield>
    <subfield code="k">BT</subfield>
  </datafield>
  <datafield tag="935" ind1=" " ind2=" ">
    <subfield code="b">J-010-3</subfield>
  </datafield>
  <datafield tag="980" ind1=" " ind2=" ">
    <subfield code="a">JORGENVAAG</subfield>
  </datafield>
  <datafield tag="980" ind1=" " ind2=" ">
    <subfield code="a">PHOTO</subfield>
  </datafield>
  <datafield tag="980" ind1=" " ind2=" ">
    <subfield code="c">DELETED</subfield>
  </datafield>
  <datafield tag="981" ind1=" " ind2=" ">
    <subfield code="a">PHOTO</subfield>
  </datafield>
</record>