
<record>
  <controlfield tag="001">107553</controlfield>
  <controlfield tag="005">20160306195058.0</controlfield>
  <datafield tag="035" ind1=" " ind2=" ">
    <subfield code="a">130045676</subfield>
  </datafield>
  <datafield tag="100" ind1=" " ind2=" ">
    <subfield code="a">Mathiesen, Henrik</subfield>
    <subfield code="d">1847-1927</subfield>
  </datafield>
  <datafield tag="245" ind1=" " ind2=" ">
    <subfield code="a">Teigning af Trundhiembs Byess Nyanleggeltze, forsaavit som udj seneste u-løckelige Ildebrand afbrente ... Trundhiemb d. 18. Augst Ao 1708</subfield>
  </datafield>
  <datafield tag="260" ind1=" " ind2=" ">
    <subfield code="c">1888</subfield>
  </datafield>
  <datafield tag="269" ind1=" " ind2=" ">
    <subfield code="a">1888</subfield>
  </datafield>
  <datafield tag="856" ind1="4" ind2=" ">
    <subfield code="s">507234584</subfield>
    <subfield code="u">url</subfield>
  </datafield>
  <datafield tag="935" ind1=" " ind2=" ">
    <subfield code="a">130492531</subfield>
  </datafield>
  <datafield tag="980" ind1=" " ind2=" ">
    <subfield code="a">kart</subfield>
  </datafield>
  <datafield tag="980" ind1=" " ind2=" ">
    <subfield code="c">DELETED</subfield>
  </datafield>
  <datafield tag="981" ind1=" " ind2=" ">
    <subfield code="a">PHOTO</subfield>
  </datafield>
</record>